1781 2889
293 240 394 291 xxii
552 243 1282 297 ‘PROLEGOMENA

227 346 527 395 monumentis
564 341 786 392 Didacos
822 357 866 392 et
899 344 1152 408 Jacobos,
1193 344 1384 410 Diegos
1421 355 1464 392 et
1500 338 1620 391 San'-

228 412 428 477 tiagos,
465 411 526 456 ab
560 414 698 458 annis
722 408 830 474 fere
866 415 1105 477 nongentis
1137 414 1308 474 passim
1342 414 1623 468 inveniam;

227 482 411 540 pariter
466 477 610 523 Perer
645 490 687 524 et
725 474 950 536 Pereira,
1001 475 1260 525 Fernando
1317 490 1361 524 et
1413 476 1625 524 Fernan-

232 541 358 602 dez,
413 540 647 590 Gonzalo
684 555 727 590 et
761 541 1058 603 Gonzalez,
1098 541 1324 607 Rodrigo
1362 556 1406 590 et
1442 539 1628 591 Rodri-

228 624 392 675 gueZ,
430 610 619 672 aliaque
655 609 706 654 id
733 625 881 672 genus
932 610 1166 674 plurima,
1206 626 1305 672 quoe
1341 624 1371 656 a
1410 611 1627 656 recentio-

226 675 356 722 ribus
392 680 560 722 nostris
593 675 757 722 eisdem
811 688 925 737 saepe
976 679 1167 722 vocibus
1216 676 1363 722 latine
1414 675 1626 724 scribun-

227 754 304 789 tur
326 760 340 789 .·
379 757 465 805 quo
486 741 590 800 fit,
629 753 680 786 ut
715 739 822 786 dum
860 741 998 787 latini
1035 758 1129 789 esse
1164 741 1414 800 laborant,
1472 742 1628 789 obscu-

223 810 398 854 rissimi
439 808 614 867 fiant;
653 808 750 852 vix
787 817 838 852 ut
874 805 934 851 ab
972 808 1203 869 Hispanis
1256 808 1402 869 ipsis,
1458 807 1625 854 nedum

224 872 284 920 ab
321 877 531 931 exteris,
568 871 932 935 intelligantur.
969 872 1074 919 Nec
1108 871 1178 918 illi
1214 889 1260 919 se
1296 873 1457 921 melias
1508 874 1628 921 tueri

222 951 439 1003 poterunt
475 941 693 986 communi
740 936 946 985 diversis
999 937 1096 985 illis
1148 938 1340 985 vocibus
1392 942 1625 1001 primaeva

224 1008 433 1069 origine,
471 1005 608 1070 quam
647 1006 726 1067 qui
763 1002 910 1050 vellet
950 1002 997 1049 S.
1022 1002 1279 1065 Aloysiurn
1317 1003 1620 1062 Gonzagam

220 1088 307 1120 non
363 1069 672 1118 Luslovicum
731 1068 889 1128 modo,
942 1069 1025 1116 sed
1081 1069 1412 1118 Clodovaeum
1483 1073 1624 1121 etiam

222 1151 518 1199 nuncupare,
555 1139 602 1184 εὸ
639 1136 815 1182 scilicet
849 1134 1206 1199 quod'eruditis
1242 1137 1400 1184 eadem
1439 1150 1508 1185 est
1543 1135 1620 1184 ho·

219 1221 320 1251 rum
359 1207 497 1250 trium
535 1204 760 1248 nominum
796 1205 951 1266 origo.
978 1203 1086 1267 Jam
1123 1203 1238 1248 vero
1277 1219 1377 1249 cum
1429 1203 1624 1251 literam*

221 1269 264 1316 Z
302 1284 450 1316 aureae
487 1270 744 1316 latinitatis
778 1281 984 1315 auctores
1020 1284 1105 1314 non
1140 1270 1234 1314 sint
1266 1272 1513 1329 aversati,
1544 1271 1628 1318 cur'

221 1335 424 1382 eamdent
461 1334 642 1382 illorum
692 1337 888 1382 cultores
923 1337 971 1380 in
1011 1336 1242 1398 Hispanis
1289 1335 1483 1382 vocibus
1537 1336 1653 1383 ahc

222 1400 474 1460 horreant,
517 1415 658 1465 atque
694 1404 740 1446 in
776 1402 921 1448 aliam
958 1402 1172 1464 perpetuo
1211 1405 1629 1466 convertant,ipsi

222 1467 461 1515 viderint.
501 1471 616 1515 Utut
656 1481 751 1527 est,
792 1469 994 1525 Latinas
1031 1466 1237 1530 equidem
1264 1468 1457 1515 aliorum
1480 1472 1626 1516 inter·

218 1537 726 1598 pretationes‘retinui,
753 1552 852 1598 quae
880 1546 1029 1580 autem
1060 1534 1304 1580 lectoribus
1336 1535 1526 1582 errandi
1547 1550 1623 1598 pe·

223 1602 419 1648 rivulum
446 1617 601 1648 creare
626 1613 834 1663 possent,
873 1614 925 1648 ea
963 1600 1104 1647 obiter
1140 1603 1187 1646 in
1225 1600 1544 1660 Chronotaxi,
1571 1605 1623 1649 in

220 1668 537 1729 Epistolarum
574 1669 886 1732 argumentis,
925 1668 1006 1713 vel
1040 1663 1088 1713 in
1126 1667 1514 1732 Indicegenerali
1543 1667 1622 1716 de-

219 1733 463 1781 clarantur
484 1770 495 1780 .
526 1737 687 1798 Atque
723 1732 794 1780 his
829 1731 1115 1797 praefittionis
1147 1751 1253 1782 meae
1283 1748 1443 1797 partes
1471 1751 1622 1784 omnes

218 1801 543 1858 absolveram,
583 1818 679 1847 cum
716 1800 919 1863 prudens
954 1803 1090 1847 amici
1128 1802 1362 1848 consilium
1399 1805 1618 1850 interces-

215 1870 307 1925 sit,
331 1871 408 1930 qui
429 1885 448 1914 e
469 1885 516 1914 re
537 1880 675 1914 natas
699 1869 747 1914 S.
771 1868 979 1914 Xaverii
1010 1866 1249 1916 vindicias
1282 1867 1615 1932 persuadebat.

268 1935 360 1981 ·16.
401 1938 566 1997 Itaque
603 1936 760 1995 paucis
807 1951 876 1980 eos
910 1937 1256 1999 perstringam,
1308 1935 1388 1999 qui
1441 1937 1612 1983 moros?

218 2001 517 2047 Xaverianis
553 2001 701 2047 literis
735 2000 1009 2059 abutentes,
1067 2001 1267 2048 eumdem
1320 2000 1498 2065 negant
1548 1999 1621 2047 di-

216 2070 688 2131 versarumgentium
724 2067 911 2132 linguas
948 2066 1184 2114 divinitus
1208 2067 1441 2115 edoctum.
1480 2068 1618 2115 Nau-

212 2136 252 2179 ci
291 2135 503 2180 nimirum
542 2131 808 2198 hisacium
863 2147 997 2181 testes
1033 2135 1136 2182 illos
1171 2150 1319 2181 omnes
1353 2133 1613 2195 locupletis-

212 2202 375 2259 simos,
430 2205 476 2245 in
502 2197 812 2259 judicialibus
848 2204 968 2247 actis
1021 2200 1076 2248 de
1115 2202 1322 2248 Xaverii
1361 2201 1617 2246 canoniza-

212 2269 329 2313 tione
362 2267 633 2330 productos,
674 2269 724 2316 ὠ·
747 2271 845 2314 cum
872 2267 1015 2315 [ndiae
1040 2268 1301 2332 Episcopis,
1341 2267 1438 2312 tam
1477 2267 1617 2312 etiam

215 2334 441 2393 Romano,
482 2337 559 2397 qui
598 2349 780 2381 coeteros
814 2336 1090 2398 Episcopos,
1128 2333 1290 2380 nedum
1312 2347 1505 2378 morosos
1526 2334 1614 2377 cri-

211 2400 346 2460 ticos,
384 2404 663 2450 auctoritate
697 2403 850 2450 vincit
888 2418 1035 2450 omnes
1067 2416 1122 2447 ac
1144 2397 1377 2464 frangit,
1417 2400 1486 2510 ixl
1513 2400 1613 2462 qui-

1478 2481 1544 2511 em
