1781 2889
183 172 696 224 irrisi-OLARUM.
732 173 836 220 Lib.
857 176 897 223 1.
918 177 1006 239 Ep.
1027 172 1267 225 XXXVI.
1324 189 1408 244 153

119 275 407 340 contingere
443 270 559 320 istos
580 288 747 320 omnes
782 272 1026 332 adeundi,
1065 289 1177 321 nam
1204 284 1482 338 quantope-

117 344 168 390 re
203 338 468 388 istiusmodi
508 338 872 387 lustrationibus
927 353 1136 403 egeant,
1183 340 1320 387 scio.
1368 337 1480 400 Uti÷

118 421 230 454 nam
269 404 385 453 mihi
438 416 640 452 vacaret
676 403 790 451 illuc
844 406 996 453 modo
1032 404 1305 466 proficisci:
1361 396 1480 463 nihil

119 486 247 518 nunc
284 468 477 534 quidem
513 469 740 517 libentius
793 467 1006 519 facerem
1043 474 1187 533 quam
1239 467 1479 532 inspicere

117 552 176 584 ac
212 552 356 584 censu
390 547 627 582 accurato
664 534 863 583 lustrare
899 536 1010 584 loca
1047 536 1129 584 illa
1164 549 1344 584 cuncta
1367 570 1379 581 .

183 603 230 652 6.
268 603 340 649 Tu
377 602 493 647 meis
530 600 746 659 vicibu5‚
783 617 975 664 quaeso,
1014 599 1248 668 fungere:
1289 603 1346 652 ὃ(
1381 616 1477 664 prae

117 668 305 715 caeteris
351 665 584 727 explora,
634 667 883 729 quomodo
921 666 1097 728 ubique
1152 669 1384 715 succedat
1419 667 1476 717 ἒξ

116 733 210 797 qua
247 732 337 780 fide
374 745 567 779 curetur
601 730 847 780 institutio
884 749 1174 796 puerorum.
1209 732 1476 795 Praeposui‚

116 811 172 847 ut
208 797 326 857 scis,
379 813 463 858 per
514 796 701 860 singula
752 796 864 846 loca
917 799 1213 864 Paedagogos
1265 797 1478 846 scholis.

114 867 306 912 Horum
343 865 402 910 ad
452 862 725 920 Miner-val,
779 864 908 925 quod
944 865 1168 926 promisi,
1216 879 1478 927 repraesen-

115 930 321 977 tandum
368 941 565 976 centum
619 929 802 975 Fanoes
850 945 1006 978 sumes
1060 932 1121 978 ad
1176 930 1269 977 hoc
1322 930 1474 992 ipsum

116 995 365 1056 depositos
400 995 526 1055 apud
579 995 864 1041 Manue'lem
901 998 928 1042 a
978 997 1136 1043 Cruce
1182 1007 1320 1042 tuum
1357 995 1478 1042 arni-

116 1077 225 1108 cum
263 1059 341 1123 qui
379 1058 607 1106 Punicale
644 1058 870 1107 habitat.
924 1061 1043 1108 Eam
1079 1060 1336 1122 pecuniam
1384 1060 1474 1107 im-

115 1126 299 1189 pendes
337 1123 660 1182 numeranda,
699 1137 752 1171 ut
787 1123 908 1183 dixi,
946 1128 1171 1174 mercede
1217 1125 1476 1190 ludimagi-

113 1191 217 1239 stris
255 1205 312 1237 ac
349 1189 658 1243 catechistis;
697 1204 758 1236 ex
796 1189 990 1254 singulis
1017 1191 1294 1255 intelligens
1318 1206 1472 1254 quan-

113 1269 216 1306 tum
254 1271 345 1317 ego
369 1254 547 1318 cuique
582 1253 773 1303 solvere
805 1257 1166 1305 consueverim.
1195 1258 1333 1306 Cave
1370 1271 1475 1304 cre-

112 1323 193 1370 das
230 1320 327 1370 ulla
362 1319 409 1367 in
461 1336 512 1367 re
565 1319 734 1368 melius
786 1320 1021 1369 collocari
1078 1323 1156 1373 vel
1210 1322 1472 1384 pecu-niam

113 1387 193 1436 vel
231 1372 462 1448 operdm,
517 1385 630 1448 quin
679 1397 868 1434 certum
906 1387 1065 1446 habe3
1114 1387 1370 1451 plurimum
1423 1402 1474 1437 te

115 1454 175 1501 ad
210 1451 390 1517 insigne
426 1451 525 1499 Dei
563 1450 769 1499 Domini
803 1453 971 1501 Nostri
1011 1453 1297 1518 obsequium
1334 1466 1474 1502 actu-

115 1535 244 1577 rum,
281 1520 318 1566 si
353 1516 595 1564 curaveris
631 1516 772 1565 istam
809 1517 950 1568 unice
987 1522 1306 1568 necessariam
1341 1520 1473 1567 rudis

115 1583 274 1632 aetatis
326 1581 760 1642 informationem,
815 1583 1032 1643 assidue,
1094 1601 1150 1632 ac
1209 1585 1474 1649 diligenter

116 1647 364 1698 exerceri..
411 1649 456 1696 Is
493 1648 572 1695 cui
616 1647 773 1696 isthuc
810 1649 1142 1709 proficiscenti
1178 1652 1260 1699 has
1307 1650 1476 1698 literas

118 1714 319 1774 tradidi,
358 1714 507 1761 homo
546 1726 652 1771 est,
690 1726 746 1761 ut
782 1712 898 1760 mihi
934 1714 1148 1773 videtur,
1207 1713 1350 1765 valde
1386 1715 1473 1763 bo-

117 1796 202 1827 nus
238 1780 294 1831 δι
331 1778 512 1844 magnis
546 1779 804 1826 instinctus
839 1778 1079 1827 desideriis
1120 1784 1237 1830 Deo
1261 1781 1474 1830 servien-

116 1846 191 1893 di:
249 1845 418 1906 excipe
455 1843 587 1891 illum
626 1842 902 1892 humaniter
937 1845 992 1896 &
1045 1847 1170 1907 apud
1207 1859 1258 1896 te
1313 1847 1471 1904 habe,

117 1911 281 1975 quoad
334 1926 427 1968 ego
466 1910 526 1956 ab
575 1908 976 1972 Iniquitribirimo
1011 1911 1260 1972 redierim,
1309 1911 1389 1961 vel
1435 1912 1473 1960 si

113 1975 428 2025 conducibile
465 1976 509 2022 id
546 1971 837 2031 judicaveris
890 1976 952 2022 ad
988 1975 1275 2041 obsequium
1330 1977 1476 2027 Divi-

115 2059 253 2101 num,
303 2042 357 2091 <Sc
394 2042 487 2088 boc
535 2038 622 2101 ipsi
673 2038 869 2103 placere
923 2039 1192 2101 videbitur,
1249 2041 1476 2107 relinque

111 2108 246 2155 illum
295 2106 629 2164 Combuture‚
684 2118 738 2153 ut
789 2105 890 2153 illic
939 2107 1001 2153 ad
1053 2107 1476 2157 constructionem

114 2174 247 2223 JEdis
268 2189 411 2220 sacrae
434 2186 630 2234 operam
655 2187 799 2234 quam
837 2183 1005 2233 potest
1030 2169 1286 2234 conferat.
1309 2172 1471 2232 Audio

113 2251 366 2287 tonsorem
404 2237 648 2300 quendam
674 2237 850 2284 isthinc
886 2235 1161 2298 discedere,
1199 2235 1344 2288 facile
1382 2238 1471 2285 mi-

113 2303 162 2352 hi
197 2319 507 2364 occursurum
556 2302 649 2366 qu&
695 2318 797 2350 sum
848 2303 999 2357 iturus
1055 2304 1159 2353 vi&-
1207 2307 1294 2355 Per
1344 2303 1477 2352 hunc.

1301 2368 1414 2418 scri-
