1781 2889
334 252 429 307 300
583 235 632 284 S.
668 233 1041 284 FRANCISCI
1075 232 1370 283 XAVERII

334 353 382 401 4.
419 334 469 384 Si
506 335 699 396 Regem
737 331 765 377 a
804 326 922 376 meis
959 324 1248 375 fidelissimis
1285 341 1438 392 atque
1485 345 1655 379 aman-

271 402 467 452 tissimis
505 395 718 447 consiliis
758 410 858 443 non
895 393 1160 441 abhorrere
1197 394 1491 454 arbitrarer,
1529 397 1656 445 salu-

276 469 536 518 berrimum
574 463 617 511 ei
670 462 840 510 darem
879 457 1171 530 consilium,
1220 473 1274 508 ut
1312 462 1535 525 quotidie
1570 479 1660 526 pet

275 535 603 600 quadrantem
635 529 764 576 horae
802 526 1020 575 divinam
1057 523 1191 571 lllam
1219 530 1519 578 sententiam
1556 545 1659 578 me·

280 600 516 651 ditando:
556 596 694 665 Qid
721 595 905 660 prodest
939 594 1132 649 homini,
1170 595 1495 644 siunivemwn
1531 614 1663 644 mun-

277 670 385 716 dum
423 669 654 721 lucretur,
690 666 854 710 animae
873 663 987 709 ver&
1021 677 1111 706 suae
1147 658 1467 709 detrimentum
1503 668 1662 726 patia-

279 749 397 793 τμη
435 743 721 798 germanam
759 725 861 787 ejus
895 723 1280 798 intelligentiam
1315 726 1344 773 a
1399 728 1544 778 DEO
1582 743 1666 792 pe-

280 811 442 859 teret,
495 811 607 846 cum
643 809 785 842 sensu
838 808 985 840 animi
1024 806 1258 839 interiore
1311 807 1663 854 conjunctam,

281 868 337 918 &
375 864 519 914 simul
546 877 739 910 suarum
778 859 1122 923 precationum
1152 855 1372 906 omnium
1408 858 1546 908 illam
1565 860 1668 909 vel-

279 933 351 981 let
386 947 490 980 esse
527 927 831 977 clausulam:
873 926 1008 995 Qid
1041 925 1227 989 prodest
1262 924 1454 986 homini,
1491 931 1530 975 si
1567 931 1668 976 uni-

284 1017 473 1048 versum
531 995 748 1044 mundum
801 994 1038 1051 lucretur,
1104 992 1161 1042 &
1213 1007 1315 1055 qua:
1370 1004 1669 1054 Sequuntur.

286 1068 503 1125 Tempus
542 1060 637 1120 iam
675 1072 751 1109 cst
788 1060 916 1107 hunc
952 1057 1081 1122 Regi
1128 1072 1344 1105 errorem
1398 1059 1684 1123 eripiendi-5,

287 1131 524 1196 quoniam
578 1126 797 1190 propius,
854 1128 997 1190 quam
1034 1126 1135 1187 ipse
1189 1123 1473 1185 existimat,
1528 1126 1671 1176 abest

287 1199 441 1256 hora,
497 1195 593 1259 qua
628 1193 764 1242 illum
802 1193 912 1242 Rex
951 1206 1153 1257 regum,
1208 1191 1265 1241 &
1303 1193 1551 1241 Dominus
1586 1192 1673 1241 do-

286 1261 578 1311 minantium
616 1262 679 1309 ad
731 1257 979 1308 rationem
1017 1257 1316 1304 reddendam
1371 1272 1674 1308 evocaturus

285 1342 389 1389 est,
426 1328 545 1375 illud
585 1327 853 1377 intonans:
914 1324 1073 1372 Redde
1107 1327 1327 1371 rationem
1366 1327 1675 1373 villicationis·

287 1410 402 1444 τηατ.
451 1397 620 1460 Qare
658 1391 823 1449 effice,
879 1404 935 1438 ut
971 1389 1141 1437 mittat
1178 1389 1450 1438 necessaria
1499 1392 1560 1439 ad
1598 1390 1673 1441 Fi-

290 1462 370 1509 dei
406 1460 818 1526 propagationem
856 1455 1041 1504 auxilia
1080 1454 1128 1501 in
1166 1454 1389 1503 Indiam.

359 1546 400 1590 5.
438 1528 550 1576 Una
589 1525 704 1574 mihi
757 1523 960 1572 omnino
1014 1521 1091 1569 via
1128 1536 1187 1567 ac
1223 1521 1380 1581 1·ati0‚
1433 1537 1523 1584 pro
1560 1537 1674 1583 usu,

288 1587 435 1660 quem
487 1593 671 1652 habeo,
725 1591 920 1638 videtur
972 1602 1072 1635 esse
1127 1585 1378 1652 religionis
1431 1588 1479 1636 in
1533 1588 1676 1638 India

287 1659 649 1725 propagandae,
687 1670 742 1704 ut
778 1659 889 1704 Rex
929 1652 1154 1702 omnibus
1194 1653 1344 1701 Indiae
1380 1655 1676 1704 Praetoribus

293 1727 461 1776 edicto
501 1724 794 1782 denunciet,
832 1737 882 1770 se
921 1719 1040 1768 nulli
1077 1732 1180 1766 tam
1218 1720 1471 1770 confidere
1508 1721 1557 1769 in
1597 1723 1677 1770 In-

290 1795 397 1853 dia,
454 1796 598 1857 quam
649 1790 733 1848 iis,
789 1788 871 1852 qui
924 1785 1214 1835 Christianae
1251 1786 1501 1853 religionis
1555 1787 1677 1837 fines

291 1859 428 1911 omni
466 1875 561 1922 ope
599 1854 817 1920 proferre
855 1853 1113 1901 nituntur.
1151 1852 1401 1920 roirca
1439 1853 1674 1903 mandare

291 1943 340 1976 se
394 1940 544 1989 atque
597 1925 865 1986 imperare,
921 1933 975 1968 ut
1029 1918 1294 1967 Ceilanum
1350 1919 1562 1968 Insulam
1617 1919 1679 1968 ad

290 1992 471 2043 Christi
511 1991 671 2040 Fidem
712 1987 1087 2046 adducendam,
1146 1986 1532 2049 Neophytorum
1586 2002 1676 2035 nu-

292 2076 477 2108 merum
517 2057 562 2104 in
604 2054 880 2105 Comorino
901 2051 1248 2102 Promontorio
1279 2053 1554 2119 augendum
1592 2068 1676 2101 cu-

292 2140 401 2175 rent
436 2124 634 2175 sedulo.
671 2121 882 2171 Proinde
919 2119 1050 2167 viros
1086 2118 1340 2184 religiosos
1378 2118 1680 2183 conquirant

292 2192 535 2258 undique,
574 2191 630 2242 &
669 2200 844 2237 nostrae
883 2186 1147 2235 Societatis
1184 2185 1487 2243 hominibuS,
1527 2185 1674 2234 ite‘m-

290 2275 384 2315 que
421 2257 630 2317 ceteris,
669 2255 839 2320 quibus
880 2254 1032 2301 visum
1069 2251 1192 2312 erit,
1231 2253 1288 2300 ad
1325 2250 1474 2300 divini
1511 2249 1675 2300 cultus

289 2322 732 2387 amplificationem
768 2333 1001 2371 utantur.
1051 2319 1198 2384 Qod
1233 2318 1269 2366 si
1306 2315 1435 2367 forte
1491 2315 1537 2364 in
1575 2318 1671 2367 hoc

290 2407 475 2457 genere
531 2393 770 2440 Praetores
825 2385 1131 2454 negligentes
1167 2400 1216 2434 se
1268 2381 1563 2447 praebuerint
1615 2399 1673 2435 ac

1439 2465 1605 2500 socor-
