1781 2889
302 223 404 258 xxx
585 202 1284 254 PROLEGOMENA

231 298 499 352 constitui.
564 299 621 346 In
675 297 745 345 his
798 301 947 361 porro
998 297 1152 348 latine
1188 297 1487 360 vertendis,
1530 299 1630 349 etsi

234 384 336 416 non
375 369 470 415 hoc
511 363 732 425 suscepi,
772 376 825 412 ut
860 363 1143 428 interpretis
1195 380 1333 413 more
1385 377 1628 430 tanquam

237 446 613 483 annumermern
653 431 802 478 verba
852 429 1063 504 lectoti,
1100 431 1185 480 sed
1221 430 1386 493 potius
1439 444 1495 480 ut
1540 448 1627 494 ap-

234 500 540 565 penderem3
580 509 749 546 tamen
797 497 1093 570 sententiis,
1142 512 1410 562 earumque
1462 496 1631 546 formis

237 566 413 615 sedulo
448 562 832 627 persequendis,
873 579 1184 626 exprimere,
1219 579 1374 635 atque
1428 562 1632 631 effinge-

242 649 295 682 re
331 645 539 680 conatus
576 646 716 689 sum,
771 644 1010 693 quantum
1064 646 1112 676 in
1165 644 1242 677 me
1296 628 1421 688 fuit,
1477 607 1632 693 ipsum

237 713 439 763 quoque
478 695 777 745 Xaverianae
835 695 1079 744 orationis
1131 710 1317 760 genus,
1354 693 1504 744 Volui
1559 713 1632 745 vx·
1702 696 1705 699 “

237 764 421 814 delicet
459 760 685 822 efficere,
716 760 753 809 si
784 761 1034 825 quomodo
1066 776 1290 824 possem,
1328 773 1380 808 ut
1417 761 1466 808 in
1502 761 1634 811 hisce

239 828 477 891 Epistolis
515 827 763 876 conversis
804 844 862 876 ex
903 829 1152 890 Hispano,
1207 825 1430 874 similiter
1479 842 1533 876 ut
1585 829 1635 876 in

240 897 335 947 illis
373 897 434 944 ab
472 896 578 959 ipso
615 893 839 957 scriptis,
877 909 1059 943 exxmia
1095 892 1246 941 animi
1301 891 1403 951 ejus
1449 892 1637 966 effigies

241 976 449 1021 extare,
505 977 563 1009 ac
617 976 752 1010 mens
806 960 1178 1024 quodammodo
1215 959 1397 1022 spirare
1448 959 1638 1009 videre·

241 1043 358 1081 tur.
393 1033 466 1078 Ac
505 1027 621 1075 mihi
660 1026 858 1091 quidem
897 1028 944 1074 in
983 1043 1148 1075 animo
1182 1023 1303 1085 fuit,
1332 1027 1480 1076 hasce
1500 1024 1638 1090 Epis-

242 1098 374 1147 tolas
412 1093 614 1163 pariter
630 1108 740 1140 cum
769 1093 973 1141 Xaveiii
1012 1093 1115 1142 vita
1153 1092 1386 1164 vulgare,
1424 1090 1505 1140 vel
1542 1105 1639 1141 tes-

245 1176 323 1213 tes
345 1157 642 1208 narrationis
661 1174 810 1217 meae,
848 1159 928 1206 vel
965 1157 1148 1207 indices
1176 1156 1494 1206 auctoritatis
1519 1173 1641 1207 suae.

241 1231 492 1278 Caeterum
529 1239 667 1273 secus
709 1224 918 1273 evenit.
953 1225 1070 1273 Vita
1109 1223 1315 1272 Xaverii
1353 1239 1430 1272 me
1467 1223 1641 1273 absen-

242 1306 296 1343 te
335 1291 499 1340 edita:
556 1289 814 1338 consilium
853 1306 1011 1339 meum
1051 1289 1299 1339 fractum:
1352 1294 1464 1339 tota
1509 1290 1640 1340 ratio

244 1370 474 1408 mutata.
514 1355 698 1405 Prodiit
736 1357 982 1406 Xaverius
1021 1356 1068 1404 in
1106 1356 1352 1420 publicum
1389 1355 1491 1405 sine
1528 1356 1642 1419 Epi-

245 1424 416 1482 stolis,
456 1438 573 1487 quas
611 1422 882 1472 identidem
922 1424 1090 1472 Testes
1129 1423 1357 1472 citabat.
1409 1424 1641 1472 Enimve-

242 1497 298 1540 Υὸ
335 1491 413 1539 diu
452 1492 558 1555 Ego
593 1487 787 1537 differre
843 1505 941 1538 non
997 1489 1167 1551 potui.
1214 1491 1344 1561 Ergo
1404 1505 1514 1538 cum
1553 1487 1639 1538 ille

243 1556 620 1621 quodammodo
658 1568 889 1620 renatus,
945 1568 1031 1606 aut
1086 1554 1248 1628 potius
1296 1554 1390 1613 jam
1442 1554 1641 1604 adultus

244 1625 407 1672 denuo
447 1623 606 1670 exiret
643 1634 879 1683 praesente
919 1637 1026 1681 me,
1065 1622 1352 1684 promissum
1398 1620 1644 1684 Epistola-

242 1705 348 1739 rum
389 1704 560 1737 munus
598 1685 775 1737 debere
815 1704 924 1736 eum
964 1687 1144 1736 diutiuS
1182 1687 1352 1736 nolui.
1400 1688 1643 1753 Equidem

244 1772 346 1804 non
387 1754 498 1802 dubi
491 1767 596 1813 to,
652 1754 767 1816 quin
823 1752 930 1802 aliae
988 1767 1225 1815 piaeterea
1260 1753 1424 1802 multa:
1479 1769 1643 1818 super-

243 1822 342 1869 sint
379 1820 582 1869 Xaverii
617 1817 885 1903 Epistolae2
916 1836 1023 1891 quae
1061 1836 1192 1868 meas
1231 1820 1512 1886 effugerunt
1540 1835 1643 1868 ma-

244 1901 363 1935 nus,
401 1890 587 1935 Extant
634 1889 821 1949 quippe
877 1885 923 1932 in
980 1902 1080 1946 ejus
1138 1884 1250 1935 Vita
1317 1861 1515 1944 huiusce
1565 1884 1637 1935 rei

246 1951 426 2001 indicia
467 1968 556 2001 nec
594 1967 780 2025 pauca,
837 1967 928 2000 nec
984 1954 1224 2002 obscura.
1272 1951 1384 2001 Illas
1442 1953 1549 2018 Ego
1603 1951 1641 1999 si

246 2020 448 2082 quando
505 2017 721 2065 nancisci
775 2030 982 2081 potem,
1027 2021 1143 2067 Deo
1182 2019 1515 2081 approbante,
1556 2016 1640 2067 diu

245 2085 510 2134 desiderari
563 2098 662 2132 non
714 2083 910 2147 patiar.
968 2085 1114 2132 Nunc
1171 2086 1369 2150 quidem
1407 2083 1473 2132 his
1520 2099 1640 2130 con-

246 2153 376 2201 tenti
428 2151 654 2210 erimuz,
725 2166 841 2214 quas
907 2151 1192 2208 habemu53
1245 2153 1327 2200 has
1393 2150 1638 2211 edemus;

246 2219 333 2267 has
373 2217 710 2283 vuloabimus.
765 2218 874 2264 Nec
930 2232 1047 2265 vero
1104 2218 1183 2265 diu
1224 2220 1461 2267 Patronus
1511 2231 1641 2278 quae-

248 2285 424 2333 renius
461 2259 604 2332 fuit.
661 2283 914 2355 Qioniam
970 2283 1173 2331 Xaverii
1228 2282 1343 2330 Vita
1409 2280 1455 2328 in
1525 2280 1639 2330 Cle-

250 2352 426 2400 mentis
467 2348 825 2401 V111.P0ntif.
865 2352 1003 2399 Max.
1041 2347 1342 2411 Clientelam
1380 2361 1480 2396 sese
1502 2363 1639 2459 lcon-

1442 2426 1492 2462 tu
1522 2429 1570 2464 c-
