1781 2889
372 250 437 290 22
603 234 652 288 S.
685 230 1062 288 FRANCISCI
1102 227 1400 286 XAVERII

305 332 436 396 huc,
486 346 579 383 oro
633 332 739 394 Te,
785 328 888 392 ejus
941 331 1254 396 exemplum.
1293 328 1425 381 Nam
1477 330 1606 384 Rex·
1635 330 1694 389 δε

303 399 384 467 qui
422 414 512 449 nos
548 397 627 449 hic
659 411 860 458 amant,
893 395 1106 447 libenter
1141 397 1189 446 id
1226 395 1490 458 videbunt,
1527 400 1598 450 uti
1634 401 1696 458 δε

301 466 602 515 sententiam
638 475 784 530 quarn
820 463 1168 526 pronunciavit
1200 462 1384 513 Praetor
1435 465 1547 514 dum
1601 481 1691 517 nos

300 531 547 580 absolvit.
584 530 698 580 Rex
733 529 879 594 petiit
913 529 1164 578 Exercitia
1200 542 1312 578 cum
1358 526 1599 582 desiderio
1636 531 1692 580 il.

299 597 351 646 la
387 595 615 645 videndi:
670 590 708 644 si
743 592 1024 656 exemplum
1059 606 1229 643 eorum
1275 595 1301 645 ὲ
1337 597 1568 648 correctis
1623 595 1693 646 vi-

302 663 502 711 deretur
539 659 650 710 Tibi
686 660 839 711 etiam
874 659 1099 721 mittere,
1146 660 1474 727 gratissimum
1520 664 1567 713 id
1617 661 1695 714 fo..

301 739 383 777 tet
419 721 679 786 Maiestati
717 725 856 787 ejus.
889 727 1157 776 Enimvero
1196 728 1405 792 Magnus
1441 728 1522 780 ille
1559 729 1693 782 Prin·

301 792 601 857 ceps‘valde
635 793 762 843 benc).⁴
798 786 1006 844 affectus
1043 805 1118 841 est
1153 807 1269 858 erga
1315 804 1476 844 totam
1521 793 1692 846 Socie-

297 871 492 910 tatem:
531 861 590 913 &
638 858 837 909 videtur
883 857 1001 907 nihil
1057 870 1157 907 non
1193 858 1415 924 obsequii
1468 863 1498 912 ὲ,
1535 862 1695 913 Nobi:

299 927 345 976 ei
397 926 598 988 deberi,
656 936 746 990 pro
782 925 974 992 ingenti
1024 938 1193 987 amore
1240 940 1348 998 ⁴quo
1403 939 1491 978 nos
1528 943 1695 992 prose-

299 992 491 1059 quitur.
527 991 671 1043 Binas
706 995 736 1041 a
772 993 843 1041 Te
882 990 1043 1041 literas
1081 1005 1278 1054 accepi,
1316 1003 1547 1059 utrasque
1581 1007 1692 1058 per-

298 1056 509 1120 breves;
560 1056 741 1108 alteras
793 1055 996 1122 scriptas
1034 1070 1114 1108 vt.
1150 1058 1262 1107 Idus
1296 1057 1462 1121 Junii,
1513 1058 1696 1111 alteras

300 1122 539 1176 Kalendis
576 1122 737 1184 Maii.
774 1124 1001 1174 Domino
1038 1125 1230 1191 Legato
1267 1136 1549 1192 pergratum
1600 1125 1698 1176 erit

298 1190 531 1254 accipere
566 1194 594 1241 a
632 1192 708 1240 Te'
739 1187 959 1254 aliquam
994 1189 1284 1253 epistolam:
1313 1207 1459 1256 quam
1479 1192 1541 1241 ad
1576 1207 1692 1243 eum

300 1256 511 1318 dedisti,
548 1253 791 1321 perlatam
829 1255 917 1319 ipsi
954 1255 1066 1303 dum
1117 1270 1247 1306 esset
1282 1255 1329 1303 in
1367 1256 1544 1319 itinere
1581 1260 1690 1310 Ro-

297 1327 378 1374 ma
415 1325 541 1383 huc,
579 1322 660 1371 vix
700 1321 870 1371 credas
907 1321 1095 1386 quanta
1131 1323 1248 1372 cura
1300 1334 1601 1377 conservet.
1639 1322 1693 1374 si

299 1406 403 1439 non
439 1403 603 1454 posses
637 1388 882 1451 scribere,
915 1388 994 1437 fac
1030 1400 1085 1437 ut
1120 1403 1239 1453 quas
1288 1386 1522 1454 epistolas
1569 1389 1687 1440 scri-

299 1455 374 1507 bit
409 1455 586 1506 Strada
622 1454 856 1521 possimus
891 1452 936 1504 ei
974 1456 1274 1504 ostendere.

368 1538 413 1574 2.
433 1521 550 1573 Hoc
583 1518 691 1586 ipso
726 1521 961 1586 temporis
981 1534 1169 1585 puncto
1188 1514 1488 1586 accingimus
1511 1533 1598 1571 nos
1620 1516 1690 1572 ad

298 1586 463 1638 danda
522 1587 775 1639 Exercitia
826 1589 1014 1638 duobus
1067 1587 1354 1637 Licentiatis
1390 1586 1440 1635 in
1475 1585 1693 1638 Theolo-

295 1655 402 1723 gffl,
439 1668 650 1721 quorum
684 1667 804 1704 unus
840 1667 914 1704 est
952 1651 1099 1703 valde
1151 1653 1356 1704 celebris
1395 1652 1686 1704 Conciona-

293 1728 402 1783 tor,
441 1721 569 1772 alter
603 1722 901 1788 Paedagogus
939 1720 1114 1770 Fratris
1151 1720 1305 1788 Regis
1318 1749 1331 1782 ,-
1370 1713 1581 1770 Infantis
1615 1719 1689 1770 ni-

294 1786 472 1837 mirum
527 1787 736 1838 Domini
774 1786 1006 1838 Henrici.
1052 1787 1373 1838 Procuramus
1425 1785 1575 1837 etiam
1621 1786 1685 1835 ab

294 1851 403 1903 aliis
439 1854 659 1920 personis
691 1855 797 1905 ‘non
834 1852 1113 1920 vulgaribus
1150 1870 1209 1903 ea
1245 1851 1541 1925 desiderari;
1578 1866 1687 1917 per·

294 1916 447 1982 suasi,
485 1924 586 1986 quo
622 1919 796 1980 majori
845 1919 1092 1971 desiderio
1139 1935 1199 1970 ea
1248 1919 1682 1984 appetierint2e0

293 1986 398 2052 plus
435 2001 496 2036 ex
533 1987 584 2035 iis
620 1984 852 2036 utilitatis
888 1999 1239 2051 percepturos.
1273 1987 1362 2037 Est
1395 1985 1525 2034 unde
1575 1983 1690 2053 lau-⁴

295 2051 439 2104 detur
474 2055 611 2104 Deus
650 2052 896 2104 Dominus
936 2050 1155 2116 Noster,
1192 2052 1305 2102 dum
1342 2049 1555 2102 videmus
1603 2051 1692 2100 hie-

294 2119 476 2170 multos
539 2132 714 2170 sancta
783 2116 1126 2169 Confessionis
1189 2118 1248 2173 δε
1309 2116 1686 2169 communionis·

298 2189 627 2238 Sacramenta
662 2184 1066 2253 frequentanteS.
1101 2246 1113 2260 α
1276 2245 1283 2258 Ι
1577 2248 1587 2255 ο

362 2269 405 2322 3.
440 2252 734 2304 Statue-sis
825 2251 906 2302 uid
940 2251 1028 2303 tibi
1067 2246 1293 2302 videatur
1326 2246 1388 2300 de
1420 2246 1680 2302 Francisco

297 2321 508 2371 Strada:
550 2320 729 2386 ecquid
766 2336 795 2383 p
820 2332 968 2369 aceat
1001 2317 1201 2368 mittere
1236 2330 1346 2365 eum
1401 2312 1447 2363 in
1487 2315 1681 2365 Acade-

296 2388 443 2438 miarn
478 2386 940 2438 Conimbxicensem
965 2421 980 2437 .
1017 2384 1151 2436 Nam
1203 2378 1272 2433 ibi
1307 2396 1400 2433 nec
1431 2379 1502 2431 illi
1523 2392 1683 2494 ’spe‘

1505 2460 1533 2497 a
1560 2463 1615 2498 ns
