1781 2889
364 247 458 283 212
595 230 645 280 s.
679 228 1049 282 FRANCISCI
1086 198 1376 290 xAvme

296 344 491 393 cunque
545 327 892 377 Praefecturam
928 346 1190 382 exercent.
1228 333 1307 381 Sic
1342 328 1502 390 habe,
1553 328 1673 377 nihil

297 397 371 445 Te
408 394 503 442 ulla
539 394 586 441 in
623 408 761 457 parte
784 393 900 442 mihi
935 397 1152 462 gratius,
1191 398 1311 448 nihil
1331 412 1471 460 posse
1508 393 1675 453 iucun-

299 462 400 508 dius
452 458 645 519 facere,
711 463 858 525 quain
910 465 946 510 si
1011 463 1155 525 plane
1205 466 1266 513 ad
1328 476 1503 513 nutum
1557 461 1670 525 ipsis

296 528 639 587 obtemperes.
688 528 930 591 Equidem
967 528 1004 576 si
1024 529 1165 578 isthic
1200 546 1384 589 essem,
1425 526 1578 588 nihil,
1615 541 1677 575 ne

300 592 555 643 minimum
621 593 818 657 quidem
891 595 1405 660 quantulumcunque,
1460 592 1676 656 facerem

300 670 476 707 contra
523 657 603 706 vel
655 673 830 721 praeter
882 663 1208 715 autoritatem
1257 662 1312 713 ὃ(
1358 659 1710 710 voluntatem»

300 740 472 773 corum
509 723 589 788 qui
630 726 818 775 Sancto
857 726 935 776 isti
971 727 1247 776 Domicilio
1295 740 1536 790 praesunt3
1589 725 1679 774 ob-

296 806 625 855 sequererque
663 791 754 839 illis
792 791 1161 860 diligentissime
1204 794 1252 842 in
1290 791 1514 842 omnibus
1549 807 1679 856 quae-

299 872 494 921 cunque
553 859 874 908 mandarent.
927 863 1166 924 Optoque
1220 875 1279 907 ac
1314 874 1456 921 spero
1511 860 1680 907 Deum

301 923 481 971 intimo
518 921 566 969 in
603 925 821 972 animam
844 938 978 974 tuam
1016 925 1190 976 afflatu
1223 923 1553 988 inspirationis
1587 939 1680 972 suae

301 1004 641 1051 persuasurum
679 991 791 1044 Tibi
828 993 1052 1054 penitus,
1090 993 1224 1042 nulla
1244 994 1314 1041 Te
1352 1008 1403 1041 re
1438 990 1678 1050 majorem

306 1056 429 1104 inire
466 1056 527 1103 ab
579 1072 630 1105 se
685 1057 898 1122 gratiam
952 1075 1118 1123 posse,
1173 1059 1375 1124 plusque
1429 1058 1492 1106 ad
1545 1071 1683 1104 suum

303 1122 594 1187 obsequium
645 1122 936 1189 laudemque
1003 1124 1263 1185 conferre,
1337 1139 1512 1189 quam,
1580 1119 1680 1178 eius

305 1205 504 1249 amore,
543 1189 840 1255 abnegando
879 1207 1013 1240 tuam
1052 1191 1299 1255 propriam
1339 1190 1687 1240 voluntatem.

369 1275 416 1321 4.
454 1255 622 1304 Scribe
659 1258 720 1304 ad
759 1273 836 1306 me
875 1275 1037 1323 quaeso
1076 1257 1359 1324 singillatim
1399 1256 1460 1305 de
1498 1253 1684 1303 cunctis

304 1322 483 1374 nostris
522 1322 742 1371 Patribus
798 1339 857 1371 ac
903 1324 1174 1384 Fratribus,
1229 1322 1468 1387 praecipue
1517 1320 1579 1368 de
1633 1322 1687 1377 P.

304 1387 568 1438 Francisco
622 1390 887 1449 Mansilla,
936 1407 1022 1454 per
1075 1406 1254 1439 navem
1307 1405 1414 1454 quae
1467 1385 1688 1436 solutura

307 1454 487 1503 isthinc
525 1454 816 1503 Moluccurn
855 1459 1017 1505 versus
1057 1470 1162 1506 est.
1201 1455 1315 1504 Scio
1336 1457 1407 1503 Te
1443 1453 1491 1500 id
1527 1449 1688 1500 factu-

305 1537 411 1570 rum
447 1518 552 1569 fuse
590 1537 648 1569 ac
685 1521 978 1589 diligenter3
1033 1525 1088 1576 δε
1127 1521 1221 1579 iam
1277 1537 1404 1570 nunc
1451 1518 1685 1583 praecipio

303 1603 390 1650 spe
427 1602 485 1633 ac
523 1587 766 1636 desiderio
806 1589 1117 1651 voluptatem
1168 1603 1314 1653 quam
1365 1585 1481 1635 mihi
1520 1584 1687 1634 litera-

305 1669 413 1703 rum
453 1653 651 1703 istarum
687 1652 867 1703 afferet
904 1655 1086 1706 lectio.
1125 1658 1275 1721 Rogo
1313 1654 1449 1714 Vos,
1487 1650 1691 1700 Carissi-

308 1719 373 1768 mi
415 1720 634 1780 FratreS,
672 1733 816 1769 orate
853 1721 1091 1771 continue
1141 1738 1229 1785 pro
1267 1736 1344 1768 me
1393 1715 1690 1784 quotidianis

309 1785 486 1834 vestris
522 1802 632 1834 curn
691 1789 808 1836 Deo
862 1787 1126 1852 colloquiis
1181 1788 1239 1842 ὅ(
1293 1786 1486 1835 Sanctis
1533 1781 1690 1834 Sacri-

309 1851 460 1902 ficiis.
497 1852 708 1918 Indigeo
745 1854 1062 1916 peculiariter
1097 1854 1193 1903 isto
1245 1856 1273 1902 ὰ
1310 1851 1451 1901 vobis
1505 1847 1691 1899 auxilio

312 1932 518 1981 propter
556 1918 835 1968 discrimina
871 1938 977 1986 quae
1014 1921 1176 1981 adeo,
1233 1918 1472 1984 navigans
1509 1917 1555 1964 in
1578 1927 1688 1978 tei·-

311 2000 389 2034 ηε
428 1984 691 2046 harbaum,
729 1986 888 2036 omnis
924 1987 1116 2054 generis
1155 1985 1380 2049 periculis
1416 1980 1642 2031 infestas.

379 2066 422 2115 5.
457 2051 790 2102 Proficiscitur
826 2053 938 2102 hinc
976 2054 1038 2102 ad
1087 2068 1178 2102 vos
1215 2052 1386 2101 Simon
1440 2047 1690 2108 Botellus,

309 2116 436 2165 bene
472 2115 682 2167 affectus
720 2134 835 2185 erga
866 2119 1009 2169 istam
1048 2121 1284 2168 Sanctam
1307 2121 1553 2167 Domum.
1590 2117 1689 2163 Re·

305 2181 439 2231 feret
475 2182 558 2231 ille
597 2184 732 2233 vobis
771 2184 956 2236 minute
1010 2187 1069 2235 de
1108 2201 1185 2234 me
1235 2201 1293 2234 ac
1345 2182 1485 2232 rebus
1541 2181 1690 2227 ineis.

309 2248 619 2299 Amicissimo
655 2250 741 2300 illo
780 2265 923 2313 utor,
961 2252 1270 2315 vicissimque
1290 2265 1402 2298 amo
1439 2246 1690 2296 hominem

307 2315 594 2380 plurimum,
647 2329 720 2366 est
775 2319 905 2368 enim
963 2319 1037 2367 vir
1083 2318 1232 2367 valde
1280 2316 1432 2363 bonus
1483 2314 1540 2364 ὃς
1589 2310 1688 2361 Dei

307 2396 479 2430 amans
516 2399 578 2433 ex
627 2400 776 2434 vero,
825 2387 980 2451 Rogo
1039 2386 1110 2434 Te
1161 2395 1214 2433 ut
1265 2379 1365 2442 ejus
1415 2379 1684 2428 amicitiam

1513 2443 1618 2495 dili-
