1781 2889
218 185 724 251 EPISTOLARUM.
755 202 860 250 mh.
883 205 1221 268 11.Ep.XX1.
1287 221 1384 276 317

80 299 275 356 locata,
313 310 393 346 tot
427 294 678 360 tantisque
700 297 926 360 praesidiis
958 298 1306 363 circumseptus
1340 301 1448 352 lon-

74 370 139 433 g&
175 364 359 421 maiore
396 360 676 424 perfruebar
712 362 971 426 voluptate
1006 364 1053 410 in
1108 366 1322 414 horribili
1360 368 1445 416 illa

77 442 380 494 tempestate
434 427 742 490 periclitans,
800 434 941 493 quam
994 431 1169 479 deinde
1218 435 1445 494 praesenti

73 495 293 560 periculo
330 494 596 548 liberatus,
634 496 719 550 Me
756 501 869 544 sane
906 497 1058 559 pudet
1104 499 1443 561 nequissimum

74 561 294 610 omnium
349 559 633 613 mortalium
693 560 740 606 in
794 561 965 613 ultimo
1019 561 1294 612 discrimine
1345 581 1442 627 prae

73 627 268 679 coelesti
315 623 485 679 laetitia
521 637 712 673 tantam
766 627 1086 690 lacrymarum
1126 628 1223 677 vim
1277 628 1444 692 profu-

73 693 230 747 disse,
266 693 443 754 Itaque
479 704 583 738 tum
622 692 867 742 Christum
908 693 1177 745 Dominum
1215 694 1442 757 supplici-

76 770 154 806 ter
189 757 421 816 orabam,
473 772 534 804 ne
585 772 660 803 me
697 773 756 804 ex
792 757 877 811 illo
931 758 1147 820 peri-culo
1196 761 1443 824 eriperet,

77 822 168 871 nisi
204 823 266 870 ad
302 821 462 884 paria,
523 834 609 871 aut
645 822 796 871 etiam
847 824 1078 889 graviora
1108 825 1322 887 pericula
1370 826 1442 874 sui

81 887 310 952 obsequii
346 886 610 951 gloriaeque
674 890 818 937 causa
870 902 1174 952 reservaret3
1227 907 1444 954 saepenu-

77 968 216 1009 mero
267 953 382 1009 mihi
419 953 595 1006 DEUS
649 952 887 1008 indicavit
941 954 1172 1003 interiore
1224 959 1440 1019 quodam

73 1018 340 1077 instinctu,
380 1022 523 1081 quam
561 1018 719 1073 multis
757 1035 833 1068 me
871 1019 948 1067 vel
983 1022 1199 1081 corporis
1251 1023 1439 1083 pericu-

67 1083 161 1142 lis,
214 1083 293 1135 vel
329 1083 480 1137 animi
517 1084 822 1135 detrimentis
875 1085 1210 1146 prohibuerint
1262 1087 1439 1150 suppli-

68 1149 294 1203 cationes
331 1164 390 1198 ac
426 1148 665 1205 sacrificia
703 1149 988 1208 Sociorum,
1043 1152 1229 1210 partim'
1258 1151 1305 1199 in
1343 1165 1439 1214 ter-7

66 1214 128 1269 ris
185 1212 536 1271 militantium,
600 1214 777 1275 partim
844 1214 1123 1268 coelestibus
1176 1214 1442 1264 fruentium

62 1278 306 1341 praemiis.
344 1281 462 1331 Haec
501 1282 562 1325 eo
597 1279 851 1340 pertinent
885 1281 1050 1331 Patres
1088 1296 1145 1334 ac
1183 1283 1369 1330 Fratres
1389 1282 1438 1330 in

64 1344 267 1398 Christo
304 1342 600 1402 charissimi,
637 1355 691 1390 ut
727 1360 814 1406 pro
850 1356 929 1392 tot
965 1345 1217 1407 tantisque
1253 1347 1441 1401 benefi-

65 1408 184 1470 ciis,
239 1424 326 1471 per
364 1423 449 1456 vos
484 1407 610 1469 ipsos
647 1409 703 1468 ὃς
758 1409 901 1461 ΒΕΟ,
957 1410 1011 1460 &
1064 1410 1201 1458 vobis
1254 1411 1441 1474 persol-

66 1490 183 1523 vam
239 1474 372 1543 quod
425 1473 616 1530 debeo,
656 1473 889 1536 quoniam
929 1473 1029 1545 ipse
1063 1491 1150 1538 per
1202 1493 1280 1525 me
1317 1493 1436 1526 neu·

63 1541 256 1604 tiquam
292 1554 393 1585 sum
432 1537 704 1590 solvendo,
858 1562 877 1565 ⁴
1067 1542 1069 1544 ’

130 1622 207 1654 22.
244 1606 529 1660 Sermonem
566 1603 626 1649 de
663 1613 828 1649 nostra
865 1603 1121 1659 Societate
1166 1603 1439 1669 ingressus,

65 1685 224 1734 neque
265 1667 530 1732 loquendi,
570 1682 727 1728 neque
764 1667 1005 1721 scribendi
1057 1670 1240 1722 exitum
1297 1686 1436 1734 repe·

61 1735 170 1793 1i03
206 1734 290 1786 sed
329 1734 406 1785 vel
441 1732 696 1782 nolentem
734 1732 844 1780 huic
879 1734 1088 1786 sermoni
1139 1748 1288 1799 atque
1335 1735 1436 1794 epi-

63 1800 202 1848 stolae
241 1800 387 1848 finem
424 1797 676 1860 imponere
713 1797 906 1846 navium
958 1798 1211 1847 festinatio
1262 1801 1436 1865 cogit.

62 1863 344 1919 Clausulam
365 1876 529 1912 autem
562 1861 741 1913 nullam
779 1861 980 1917 invenio
1015 1866 1436 1918 accommodatio-

63 1947 199 1990 rem,
238 1934 382 1994 quam
421 1941 474 1976 ut
508 1927 625 1976 illud
660 1926 922 1989 profitear,
959 1934 997 1977 si
1034 1931 1197 1979 oblitus
1217 1946 1433 1995 nmquam

49 1996 189 2062 fuero
226 2002 292 2044 tui
330 1993 552 2042 Societas
586 1993 776 2056 JESU,
816 1995 1033 2042 oblivioni
1068 1996 1201 2043 detur
1235 1999 1433 2043 dextera

63 2077 191 2109 mea:
231 2061 357 2108 adeo
393 2071 628 2121 quantum
666 2057 817 2111 Sociis
867 2059 1130 2120 universis,
1178 2062 1233 2113 δε
1287 2063 1433 2123 quam
1466 2101 1470 2106 ,

61 2125 228 2174 multis
265 2124 540 2178 nominibus
578 2123 813 2181 debeam,
853 2125 1102 2186 perspexi.
1139 2128 1211 2173 Ac
1253 2127 1431 2174 DEUS

64 2193 258 2256 quidem
297 2188 465 2237 vestris
502 2189 720 2250 precibus
755 2189 990 2236 adductus
1026 2190 1120 2238 hoc
1155 2190 1270 2238 mihi
1324 2203 1434 2239 tan·

64 2269 169 2305 tum
207 2255 432 2303 beneficii
469 2253 638 2313 dedit,
675 2264 729 2301 ut
764 2269 852 2315 pro
891 2269 1004 2302 meo
1054 2268 1200 2316 captu
1253 2255 1435 2304 intelli-

61 2337 266 2393 gerem,
304 2331 539 2387 quantum
575 2319 782 2370 debeam
803 2319 1080 2370 Societati.
1105 2322 1282 2386 Neque
1302 2321 1437 2369 enim

1257 2399 1368 2434 tan-
