1781 2889
201 175 719 231 EPISTOLARUM.
754 174 858 220 Lib.
894 178 934 222 Ι.
968 175 1055 235 Ep.
1077 169 1277 218 XXIX.
1315 184 1400 236 131

104 293 153 325 se
190 289 241 325 te
277 277 325 323 in
379 274 597 338 periculo
635 272 890 337 praesenti,
938 272 993 323 δε
1044 268 1241 331 scribis,
1294 270 1351 321 &
1398 270 1467 318 vi-

99 344 222 391 deo.
260 344 329 390 Ea
366 344 402 390 si
439 340 784 406 contingeret,
824 354 924 386 non
960 336 1085 400 prius
1105 350 1296 399 partem
1335 335 1468 400 quie-

97 409 156 457 tis
211 408 356 456 ullam
411 423 667 470 caperem,
715 408 859 470 quam
912 406 1015 463 Te,
1069 404 1201 468 quod
1251 399 1468 449 futurum

96 474 230 522 brevi
266 489 538 536 sperarem,
579 476 716 521 Deus
753 471 979 519 redderet
1015 468 1185 517 nobis:
1228 483 1320 516 nec
1354 467 1466 530 ipsis

99 538 333 587 videlicet
368 538 649 602 expertibus
671 536 896 584 similium
933 535 1157 584 laborum
1194 547 1342 598 atque
1378 535 1467 582 dis-

95 604 381 654 criminum.
420 605 618 655 Cedant
654 603 847 652 utinam
883 601 1048 651 omnia
1085 602 1133 648 in
1184 600 1375 648 laudem
1412 601 1469 651 ὅ(

96 671 306 736 gloriam
343 669 560 731 ejusdem
601 669 697 719 Dei
721 669 892 717 Nostri
931 667 1122 731 Optimi
1160 684 1219 716 ac
1257 665 1469 718 Maximi

102 737 336 785 Domini.
737 744 741 745 ⁷

164 821 207 853 2.
245 807 299 851 In
336 803 450 852 istas
487 820 581 870 ego
627 814 790 865 partes
829 800 1152 850 Sacerdotem
1204 802 1230 849 ὲ
1285 798 1463 848 nostris

97 884 250 917 unum
289 869 427 929 misi,
467 872 544 933 qui
586 869 803 935 pagatim
842 867 1084 925 ediceret,
1121 879 1175 914 ut
1196 881 1346 914 naves
1383 881 1467 913 ex-

98 935 357 997 pedirent,
397 936 617 1002 marique
654 938 1000 997 imponerent,
1038 948 1123 995 per
1159 945 1341 979 cuncta
1376 931 1464 977 ist-

100 1002 201 1049 haec
237 1000 409 1061 litora,
446 1007 544 1065 quo
581 1002 814 1050 videlicet
849 998 1182 1047 conscendere
1219 1013 1387 1047 omnes
1411 996 1468 1047 &

96 1066 287 1114 solvere
322 1081 557 1129 possent,
594 1080 864 1130 antequam
902 1065 1296 1127 opprimerentur
1330 1067 1357 1112 a
1395 1061 1467 1110 fe-

97 1131 156 1180 ris
204 1132 507 1192 latronibus,
557 1148 765 1195 quorum
818 1131 1093 1193 proximam
1148 1131 1304 1177 isthuc
1350 1130 1469 1176 irru-

98 1197 321 1260 ptionem
359 1214 458 1245 non
495 1202 678 1247 temere
715 1214 957 1263 auguror,
996 1194 1179 1244 certior
1217 1193 1374 1242 factus
1396 1210 1470 1241 ar-

101 1263 223 1310 mari
275 1264 336 1310 ad
372 1265 467 1312 hoc
516 1279 599 1311 eos
638 1266 695 1316 &
749 1279 945 1311 manum
983 1277 1195 1328 cogere,
1245 1263 1340 1325 qua
1394 1272 1471 1308 to·

100 1341 204 1377 tam
243 1330 396 1377 Oram
433 1346 583 1393 usque
621 1331 683 1377 ad
719 1344 854 1377 mare
891 1329 992 1377 late
1030 1340 1229 1376 vastent
1254 1363 1266 1374 .
1303 1327 1359 1375 Id
1395 1341 1472 1372 me

100 1394 274 1443 docuit
342 1394 597 1444 Primarius
661 1396 859 1460 quidam
912 1398 1140 1444 Canacar
1204 1391 1474 1441 benevolus

101 1459 391 1510 Christianis
428 1474 608 1511 terram
644 1461 786 1510 istam
825 1460 1186 1510 incolentibus.
1241 1459 1475 1508 Miseram

102 1527 164 1573 ad
203 1542 311 1574 eum
349 1544 442 1594 ego
480 1542 668 1576 certum
697 1528 946 1576 hominem
983 1543 1092 1575 cum
1114 1524 1337 1588 Epistola
1374 1527 1474 1573 Re-

95 1591 144 1658 gi
181 1593 504 1642 Travancoris
543 1593 804 1656 inscripta,
845 1610 990 1657 quam
1027 1605 1081 1640 ut
1108 1592 1209 1654 ipse
1247 1591 1476 1639 redderet

101 1657 371 1723 rogabam,
410 1659 648 1724 simulque
686 1677 772 1722 pro
812 1661 871 1708 eii
906 1660 1002 1724 qua
1030 1658 1163 1706 valet
1199 1657 1327 1719 apud
1364 1671 1476 1703 eum

98 1724 297 1789 Regem
336 1725 448 1789 (cui
500 1725 659 1774 estin
697 1725 915 1791 intimis)
965 1724 1155 1790 gratia,
1204 1720 1476 1786 conjunge-

97 1802 175 1837 ret
210 1805 319 1837 cum
357 1790 475 1839 meis
523 1807 629 1839 suas
665 1808 877 1854 preces,
931 1792 991 1838 ad
1026 1789 1384 1853 impetrandum
1423 1800 1476 1834 ut

98 1854 225 1903 serio
289 1856 633 1918 prohiberetur
693 1857 927 1923 Badegis,
994 1873 1055 1905 ne
1107 1856 1307 1903 miseros
1356 1853 1474 1901 istos

98 1920 405 1970 Christianos
443 1921 757 1984 infestarent,
797 1940 911 1972 nam
950 1939 1147 1979 eorum,
1186 1934 1241 1969 ut
1277 1920 1362 1968 sibi
1405 1916 1476 1966 fa-

100 1999 238 2047 ctaS,
275 1987 714 2050 interpretaturum
751 1992 808 2042 &
841 1990 1057 2037 ulturum
1094 1986 1288 2047 injurias
1327 1986 1475 2035 Indiae

99 2054 396 2102 Praetorem.
444 2055 561 2104 Erat
614 2071 698 2104 cur
747 2071 990 2118 sperarem
1046 2053 1291 2102 facturum
1345 2051 1476 2112 quod

98 2119 372 2190 rogabam,
428 2135 540 2168 nam
580 2123 637 2172 &c
674 2121 786 2170 mihi
822 2121 1036 2180 amicus,
1086 2121 1143 2171 δι’
1179 2134 1293 2185 erga
1328 2116 1473 2166 Chri-

99 2195 324 2244 stianos,
379 2186 450 2234 uti
485 2186 612 2245 dixi,
671 2188 795 2238 bene
846 2187 1056 2236 affectus
1111 2184 1194 2233 iile
1249 2187 1475 2233 Canacar

99 2262 202 2309 est,
255 2251 438 2301 multos
475 2269 534 2301 ex
572 2253 625 2300 iis
662 2253 752 2302 sibi
787 2267 1031 2320 cognatos
1069 2253 1125 2303 &
1171 2249 1475 2314 propinquos

100 2314 315 2366 habens·
353 2318 507 2369 Venit
542 2319 578 2367 is
614 2322 674 2369 ad
714 2336 790 2368 me
827 2336 926 2369 non
963 2317 1112 2368 officii
1150 2316 1340 2375 solum,
1392 2315 1476 2363 sed

720 2390 741 2437 Ι
781 2404 807 2436 2
1252 2383 1409 2432 etiam
