1781 2889
208 186 870 243 EPISTOLARUMA'Lib.
909 199 978 244 ΙΙ.
1011 199 1100 261 Ep.
1137 200 1190 246 V.
1289 214 1399 263 197-

64 290 134 337 bis
167 287 299 337 mille
334 289 522 336 Fanoes
570 287 803 351 accipies,
858 306 1004 354 quam
1041 291 1125 341 ille
1175 296 1441 355 pecuniam

63 356 231 419 coegit
267 354 315 401 in
363 366 609 416 sumptum
662 354 987 405 institutionis
1035 374 1297 420 puerorum
1350 360 1464 407 ἰηι-Ἰ

63 420 405 485 pendendam3
453 434 598 483 quem
635 421 811 469 eodem
862 423 1162 471 destinatum
1217 426 1439 474 Fanoum

65 501 318 534 numerum
355 488 405 533 P.
438 485 628 549 Joanni
663 486 723 534 de
760 487 945 536 Lizana
977 488 1248 554 reliquisti,
1286 492 1346 539 ab
1384 507 1448 540 eo

65 564 289 614 repetes3
345 553 402 603 δε
439 551 586 599 sicubi
626 567 745 614 opus
785 553 848 601 sit
899 554 1089 602 scholas
1144 572 1301 605 novas
1354 557 1447 606 eri-

65 634 159 684 ge,
229 629 316 665 aut
370 630 563 668 veteres
614 617 859 679 instaura3
931 622 1066 668 omni
1134 620 1450 671 solicitudine

68 699 365 747 procurans,
414 697 468 733 ut
504 682 649 746 plane
683 683 730 730 in
765 685 959 733 cunctis
1013 688 1128 735 Orae
1165 687 1303 736 istius
1341 687 1446 736 uni-

70 765 218 800 versae
273 751 390 797 vicis
437 762 525 797 aut
582 749 717 814 pagis
776 751 963 812 pueruli
1008 751 1257 802 elementa
1310 753 1452 803 Chri-

69 815 238 865 stianae
260 816 518 864 Docti-'mcc
554 814 609 865 <Sc
637 813 919 875 oi·atione3‚
957 832 1073 881 quas
1096 819 1278 867 debent
1315 835 1451 868 men-

73 895 124 931 te
162 883 361 939 tenere,
399 879 717 928 continenter
761 882 1068 931 doceantur.
1123 886 1194 932 Tu
1232 887 1453 948 nuspiam

74 948 297 996 locorum
337 946 539 994 istorum
585 945 888 993 domicilium
923 948 1065 1013 fige5‚
1124 963 1213 998 aut
1262 967 1452 999 moram

74 1014 237 1062 trahes
261 1049 271 1059 .
309 1013 409 1060 Sed
442 1008 679 1060 continue
713 1010 1053 1061 lustrabundus
1090 1031 1258 1064 omncs
1279 1016 1451 1066 Eccle—

81 1079 170 1127 sias
206 1078 391 1137 obibis‚
439 1089 492 1124 ut
528 1092 622 1140 ego
660 1075 905 1125 faciebam
941 1080 1054 1127 dum
1089 1081 1228 1129 isthic
1264 1099 1450 1131 essem.

81 1144 160 1192 Sic
214 1160 301 1208 pro
356 1155 496 1190 certo
545 1141 704 1202 habe,
756 1159 989 1209 magnam
1040 1159 1091 1194 te
1142 1147 1375 1196 initurum
1425 1152 1456 1197 a

84 1213 202 1258 Deo
238 1221 477 1273 gratiam.

155 1288 196 1339 5.
232 1278 357 1323 Cum
395 1287 549 1321 essem
589 1273 864 1334 Manapare
918 1275 1137 1340 cognovi
1176 1276 1235 1325 de
1272 1278 1456 1327 damno

91 1341 205 1390 AEdi
242 1355 385 1388 sacrae
432 1336 531 1386 loci
584 1335 683 1395 ejus
719 1337 890 1397 illato,
945 1342 1001 1391 δε
1051 1345 1237 1404 quanta
1295 1346 1357 1393 ad
1411 1345 1459 1392 id

91 1406 411 1469 reparandum
451 1419 572 1466 opus
593 1417 665 1451 est
702 1405 934 1465 pecunia,
971 1407 1221 1456 subductis
1243 1411 1306 1457 ad
1341 1427 1457 1459 exa-

88 1486 222 1521 ctum
260 1470 561 1526 rationibus,
614 1470 881 1520 aestimavi.
920 1473 988 1520 Ea
1026 1489 1212 1522 summa
1262 1489 1460 1539 petatur

88 1542 122 1586 {1
159 1538 352 1600 Jacobo
391 1534 632 1593 Rebello,
673 1537 803 1598 apud
838 1552 983 1601 quem
1019 1555 1112 1604 ego
1150 1538 1251 1602 ipse
1305 1543 1458 1604 depo-

69 1603 157 1652 ·sui
194 1604 292 1650 duo
329 1601 479 1648 millia
517 1603 768 1660 Fanoum,
806 1619 910 1664 quae
948 1603 1156 1653 donavit
1191 1607 1302 1655 Rex
1341 1610 1459 1655 Tra„

87 1667 313 1719 vancoris
351 1669 412 1715 ad
468 1665 653 1727 templa
691 1667 1084 1717 Christianorum
1121 1670 1168 1716 in
1189 1672 1282 1719 suis
1319 1674 1459 1722 teri-is

88 1733 386 1784 extruenda.
424 1733 495 1780 Ex
533 1733 604 1780 his
626 1732 808 1796 aliquid
845 1731 942 1791 jam
975 1736 1211 1798 expendit
1245 1739 1294 1786 P.
1313 1739 1459 1786 Fran-

88 1799 244 1849 ciscus
279 1797 527 1848 Coellius.
566 1798 621 1845 ld
658 1811 897 1861 quantum
932 1799 1025 1859 sit,
1080 1816 1140 1849 ex
1176 1803 1281 1865 ipso
1318 1818 1461 1866 poten

89 1865 151 1914 rit
187 1864 383 1917 resciri.
431 1865 503 1911 Ex
541 1862 634 1910 illis
672 1863 870 1927 quidem
923 1864 1025 1912 aliis
1061 1869 1088 1915 a
1145 1869 1327 1916 Crucio
1363 1885 1459 1919 sei·-

93 1931 220 1980 vatis
273 1929 343 1977 bis
396 1928 528 1977 mille
582 1929 856 1988 FanoibuS‚
910 1932 1138 1994 quamdiu
1191 1934 1461 1999 quidquam

94 1995 360 2059 supererit,
397 2007 560 2042 totum
598 1994 644 2039 in
691 1994 881 2042 scholas
918 1999 974 2048 &
1026 1999 1287 2062 magistros
1338 2002 1463 2050 insu⁹

94 2076 289 2110 matur.
345 2061 524 2124 quue,
579 2060 709 2121 quod
749 2077 994 2124 nunquam
1033 2066 1147 2111 satis
1194 2065 1464 2115 inculcasse

95 2128 211 2175 mihi
246 2126 444 2184 videor,
483 2139 536 2172 ut
571 2127 964 2176 constantissime
1001 2143 1058 2176 ac
1096 2129 1464 2195 diligentissime

98 2194 216 2252 fiat,
269 2207 441 2240 curare
480 2193 550 2239 Te
604 2190 650 2236 in
687 2191 848 2253 primis
886 2193 1058 2254 cupio,
1114 2198 1360 2258 perpetuis
1414 2200 1460 2247 in

98 2260 266 2307 orbem
302 2257 532 2305 iterandis
568 2253 866 2320 singulorum
905 2259 1125 2306 vicorum
1161 2260 1463 2313 lustrationi-

99 2324 217 2387 bus;
271 2338 504 2387 nusquam
541 2322 716 2371 omissa
772 2323 941 2372 Divini
981 2325 1130 2374 Verbi
1185 2328 1238 2378 ἃ
1290 2332 1463 2380 Sacra„

739 2390 787 2435 N
825 2404 848 2454 3
1213 2410 1397 2445 mento
