1781 2889
389 194 556 247 cxxxii
671 195 1428 264 PROLEAEOMENA·

324 311 388 343 ex
421 295 702 361 apographis
738 298 833 342 suis
869 294 1074 343 Cutillas
1110 295 1340 345 ediderit.
1393 298 1516 345 Mox
1551 297 1608 347 de
1640 298 1713 349 his

319 374 469 426 pauca
505 365 782 429 singillatim
807 398 819 409 .

316 493 814 543 EPISTOLARUM

319 561 451 606 Ordo
485 576 637 608 novus
905 558 1035 607 Ordo
1071 574 1211 610 vetus

316 627 422 673 Lib.
489 643 538 689 4.

333 694 424 754 Ep.
463 708 539 758 17.
576 690 631 743 T.
666 692 699 738 l.
733 706 766 755 4
802 704 869 753 ep.
905 691 964 748 6,
1005 693 1095 747 C.,
1149 689 1282 739 Patri

615 772 728 805 meo
763 756 813 802 in
841 756 1042 804 Christo
1065 757 1113 805 P.
1138 758 1282 822 Igna-

616 822 693 871 tio
729 858 739 868 .
809 825 944 882 Goi'z,
992 841 1025 888 9
1078 826 1238 886 April.
1268 855 1282 882 ‚

614 894 670 937 C.
707 903 923 955 7‚1552
992 919 1012 927 -
1081 919 1100 929 -
1169 920 1189 928 -
1258 918 1276 927 -
1347 907 1381 953 9
1414 894 1536 957 Apr.
1576 907 1699 960 1552

378 956 586 1003 Cutillas
622 960 727 1014 ait,
765 955 885 1002 hanc
923 958 1157 1019 epistolam
1193 959 1469 1019 inscriptam
1505 959 1662 1024 fuisse
1684 979 1700 1009 .·

308 1021 496 1070 Sancto
536 1021 665 1070 Patri
706 1036 822 1069 meo
858 1020 906 1068 in
943 1021 1139 1073 Christo
1180 1025 1226 1077 P.
1268 1022 1470 1087 Ignatio
1506 1026 1566 1075 de
1602 1025 1697 1074 Lo-

311 1085 413 1146 jola
437 1123 448 1134 .
487 1091 568 1135 Ex
605 1090 754 1137 eodem
797 1089 1107 1136 Tursellinum
1163 1091 1516 1140 emendavimus
1566 1096 1700 1139 initio

305 1155 508 1219 epistolae
551 1154 794 1221 Januario
842 1169 923 1217 pro
974 1154 1238 1204 Februario
1289 1174 1438 1204 mense
1485 1162 1698 1222 proximo

302 1221 555 1270 substituto
577 1256 588 1267 .
651 1219 887 1287 Siquidem
924 1222 1007 1268 ahs
1041 1223 1178 1270 dubio
1214 1239 1356 1271 sermo
1393 1239 1461 1272 est
1485 1225 1541 1272 de
1562 1229 1693 1287 epist.

305 1302 328 1336 1
369 1285 509 1348 hujus
545 1289 654 1335 libri
687 1307 718 1352 4
744 1290 975 1352 Januario
1010 1306 1159 1335 mense
1197 1293 1355 1337 Cocim'
1407 1290 1556 1338 data.
1606 1295 1692 1341 Ce-

301 1365 449 1401 terum
503 1355 759 1403 mendosum
813 1372 906 1402 esse
960 1356 1309 1419 subscriptionis
1345 1353 1473 1403 diem
1511 1374 1570 1422 7,
1625 1375 1687 1406 ex

238 1474 248 1484 ⁴
300 1418 560 1485 disputatis
594 1425 641 1468 in
675 1420 997 1484 praecedentem
1035 1439 1101 1487 ep.
1144 1421 1203 1470 16
1238 1423 1535 1485 conjiciebam
1559 1459 1572 1472 .

437 1488 512 1537 18.
553 1488 606 1537 T.
643 1490 674 1537 l.
710 1505 743 1552 4
777 1502 846 1551 ep.
883 1504 940 1550 7,
980 1492 1064 1548 C.‚
1104 1489 1154 1536 P.
1192 1485 1265 1534 Si-

600 1557 734 1602 moni
790 1553 1078 1604 Rodcrico.
1134 1554 1265 1614 Goiz,

595 1640 628 1688 9
663 1624 784 1686 Apr.
826 1635 948 1688 1552
1006 1650 1054 1677 >-
1139 1651 1160 1660 -
1243 1651 1262 1664 .-
1331 1638 1364 1684 9
1399 1621 1524 1684 Apr.
1561 1637 1684 1689 1552

361 1691 417 1736 In
465 1688 775 1736 ‘Tursellinum
813 1691 1002 1751 irrepsit
1039 1689 1248 1736 mendum
1300 1690 1362 1734 ab
1414 1691 1680 1753 interpreti·

290 1753 374 1802 bus
411 1759 695 1819 exscriptum
755 1771 800 1803 v.
859 1756 977 1816 Apr.
1010 1770 1090 1818 pro
1126 1772 1172 1803 V.
1209 1755 1312 1802 idus
1351 1756 1503 1818 Apr.;
1557 1757 1681 1822 quod
1757 1754 1760 1759 ’

287 1835 418 1887 patet
454 1839 515 1868 ex
553 1823 803 1870 ‘Tursellini
841 1839 988 1879 more,
1025 1836 1069 1869 et
1105 1822 1295 1871 ordine.

425 1904 501 1956 19.
540 1889 593 1938 T.
629 1892 660 1936 l.
696 1907 728 1953 4
763 1903 830 1952 ep.
866 1888 927 1946 8,
967 1891 1053 1947 C.,
1098 1890 1254 1952 Joan-

589 1954 636 2002 ni
676 1956 766 2004 111.
804 1953 930 2020 Regi
968 1953 1255 2004 Lusitaniae.

585 2022 714 2081 (5021,
775 2037 834 2070 10
883 2021 1033 2084 Apr.‚
1088 2026 1144 2071 C.
1195 2037 1247 2090 13

588 2103 709 2155 1552
777 2117 1147 2128 -----
1227 2117 1247 2134 ψ
1290 2103 1348 2139 10
1383 2089 1505 2152 Apr.
1546 2099 1667 2152 1552

352 2155 494 2202 Hanc
521 2158 756 2218 epistolam
795 2154 949 2202 triduo
998 2168 1099 2219 post
1140 2157 1200 2205 16
1234 2158 1454 2218 scriptam
1480 2151 1663 2218 fuisse,

279 2235 421 2285 nuper
455 2223 512 2270 de
547 2224 631 2270 illa
667 2223 962 2285 disputantes
996 2226 1372 2287 praemonuimus.
1412 2223 1554 2269 Nunc
1590 2221 1664 2266 ob-

272 2303 472 2337 servare
497 2287 688 2350 juvat,
744 2289 950 2337 triduum
990 2291 1171 2354 quidem
1209 2286 1335 2351 apud
1388 2288 1661 2334 Cutillatem

272 2359 394 2405 inter
430 2361 672 2425 utriusque
705 2356 1088 2423 subscriptionum
1127 2369 1300 2420 tempus
1347 2353 1661 2403 intercedere:

1424 2437 1588 2470 verum
