1781 2889
332 223 429 292 εει,
562 226 610 273 s,
646 224 1018 276 FRANCISCI
1055 225 1354 278 XAVERII

263 336 421 392 gunt,
455 322 573 372 loco
611 337 670 370 ac
707 337 913 370 numero
950 322 1102 386 ipsum
1140 324 1334 383 habe0‚
1372 321 1651 375 existimas-

267 406 316 440 se
355 405 471 454 quas
520 390 582 437 ad
619 388 728 437 illos
766 389 830 436 do
882 387 1079 448 literas,
1134 391 1196 439 ad
1234 391 1391 453 ipsum
1447 399 1653 456 quoque

269 469 554 521 pertinere3
604 469 662 502 ac
699 465 963 516 propterea
1003 457 1268 516 separatim
1306 456 1348 505 ei
1398 473 1500 507 non
1538 456 1649 505 scri-

267 523 447 588 psisse.
485 521 620 570 Idem
659 521 952 581 persuadeas
990 520 1139 569 velim
1193 521 1388 588 singulis
1428 526 1651 573 Fratrum

272 590 575 640 Nostrorum
613 586 696 651 qui
716 585 858 636 isthic
896 599 1061 636 tecum
1089 599 1227 636 sunt:
1268 588 1501 640 videlicet
1537 603 1650 640 eum

269 669 375 705 esse
410 667 572 703 meum
611 668 727 718 erga
765 668 1011 718 quemque
1050 654 1267 716 ipsorum
1311 670 1529 705 amorem
1568 670 1652 703 ve-

269 737 409 781 rum,
457 731 512 768 ut
559 719 753 784 proprie
809 719 1075 783 unicuique
1129 719 1393 781 scripturus
1444 721 1651 780 fuerim,

269 787 362 836 nisi
397 801 544 834 unam
580 785 724 834 istam
775 786 1036 849 epistolam
1082 784 1129 832 in
1167 785 1375 835 solidum
1410 787 1655 851 imputan-

270 854 384 902 dam
419 851 659 910 cuilibet,
710 852 767 905 &
802 852 871 900 sic
918 852 1078 901 vicem
1116 851 1380 903 multarum
1433 855 1656 903 confide·

271 936 375 970 rem
446 918 758 980 habituram,
828 918 935 968 utili
1007 918 1152 982 ipsis,
1206 919 1320 968 mihi
1375 921 1655 970 necessario

271 985 570 1051 compendio
593 1020 604 1032 .

345 1070 388 1121 5.
423 1053 561 1119 Qas
598 1050 784 1119 gratias
821 1051 895 1108 δε,
932 1050 1270 1117 Indulgentias
1308 1053 1369 1102 ad
1422 1067 1656 1121 magnum

273 1135 413 1169 usum
451 1122 617 1168 harum
655 1119 967 1186 Regionum,
1020 1117 1236 1167 instante
1272 1121 1512 1179 Praetore,
1568 1120 1656 1167 du-

275 1188 392 1236 dum
429 1185 670 1250 petendas
706 1186 874 1235 Roma
909 1184 1111 1246 curavi3
1149 1185 1211 1232 de
1259 1187 1427 1252 quibus
1464 1187 1522 1238 &
1557 1185 1658 1234 hoc

275 1269 410 1302 anno
448 1252 510 1300 ad
533 1253 724 1317 Regem
762 1251 952 1312 scribo,
991 1267 1047 1299 ro
1085 1267 1116 1299 o
1139 1252 1236 1310 Te,
1274 1269 1363 1316 pro
1400 1268 1463 1301 eo
1500 1266 1656 1317 quan·

273 1332 381 1369 tum
416 1317 821 1367 consolationem
857 1333 915 1366 ac
953 1334 1040 1380 pro
1069 1329 1236 1366 ectum
1291 1318 1444 1367 fidelis
1482 1319 1657 1367 harum

276 1384 490 1451 partium
528 1382 699 1447 populi
737 1382 903 1448 cupis,
941 1397 1282 1447 quantumque
1323 1388 1438 1434 Deo
1479 1383 1658 1434 Domi-

275 1469 342 1502 no
381 1453 572 1500 Nostro
607 1449 873 1516 gratificari
911 1462 1062 1514 atque
1098 1450 1304 1513 obsequi
1340 1452 1536 1512 studeS,
1595 1451 1659 1499 da

277 1534 480 1582 operam
519 1517 646 1579 apud
684 1519 906 1583 Regem,
946 1516 1052 1564 utis
1090 1515 1402 1578 meminerit,
1439 1518 1497 1569 &
1533 1515 1660 1565 velit

275 1602 361 1650 per
397 1600 533 1632 suum
572 1585 747 1632 Romae
778 1585 1046 1632 Oratorem
1084 1598 1253 1631 earum
1289 1582 1659 1648 expeditionem

277 1650 467 1717 urgeri.
502 1651 613 1714 Jam
649 1662 765 1697 ante
802 1650 888 1697 hos
924 1664 1080 1698 annos
1115 1647 1337 1714 aliquot,
1387 1650 1444 1702 ὅτ
1479 1648 1659 1699 iterum

277 1718 373 1767 hoc
411 1732 576 1776 anno,
614 1714 776 1777 scripsi
814 1716 875 1763 ad
913 1717 960 1763 P.
1000 1714 1281 1781 Iguuium,
1332 1727 1387 1765 ut
1422 1716 1661 1779 impetret

276 1786 306 1833 ὲ
343 1786 545 1834 Summo
583 1782 824 1831 Pontifice
863 1784 970 1830 Ara:
1010 1781 1236 1831 maximae
1293 1782 1496 1846 Templi'
1522 1781 1661 1832 Goa-

275 1848 326 1898 ni
363 1867 461 1914 quo
501 1852 695 1897 Sanetae
733 1847 866 1897 Fidei
904 1847 1187 1910 Collegium
1225 1848 1407 1909 utitur,
1457 1845 1660 1913 privile-

273 1915 406 1989 gium
444 1913 548 1973 ejus
585 1916 839 1981 geminum
879 1931 977 1979 quo
1017 1915 1212 1978 aliquot
1250 1918 1430 1965 Romae
1483 1913 1665 1962 altaria

276 1982 505 2050 insignita
544 1995 690 2029 sunt:
731 1981 792 2029 ad
830 1997 935 2044 quae
974 1982 1171 2046 quoties
1211 1981 1368 2045 quivis
1423 1979 1667 2029 Sacerdos

276 2051 439 2098 Missae
477 2047 778 2097 Sacrificium
817 2046 999 2105 offert,
1039 2048 1188 2098 toties
1229 2064 1375 2096 unam
1413 2046 1667 2112 purganti-

277 2116 363 2163 bus
421 2115 629 2163 flammis
685 2115 899 2162 animam
952 2114 1164 2164 liberat.
1201 2116 1249 2162 Si
1301 2115 1358 2166 δι
1407 2115 1479 2162 Tu
1529 2111 1671 2160 nobis

277 2182 340 2230 ad
379 2181 615 2231 effectum
653 2180 792 2240 hujus
830 2180 934 2228 voti
975 2180 1211 2230 conferre
1267 2177 1454 2243 aliquid
1492 2191 1670 2241 potue-

278 2249 370 2309 xis,
409 2249 464 2299 &
502 2248 700 2296 Pi-aetori
724 2281 737 2307 ,
773 2247 852 2313 qui
894 2248 940 2295 id
978 2248 1125 2298 enixe
1166 2245 1413 2309 postulat,
1451 2245 1507 2296 &
1546 2246 1667 2294 San-

276 2327 362 2363 cto
400 2314 468 2361 illi
505 2312 740 2378 Collegio
778 2329 835 2361 ac
873 2312 1240 2362 Fundatoribus
1276 2310 1408 2370 ejus,
1447 2310 1668 2376 dignissi-

276 2382 364 2428 mis
402 2379 575 2444 quibus
614 2376 791 2442 optata
829 2380 1164 2450 contingant,
1205 2393 1303 2430 rem
1330 2376 1504 2428 feceris
1543 2376 1666 2427 mul-

276 2452 330 2495 to
366 2446 715 2511 gratissimam.
1418 2444 1452 2495 ὁ
1490 2444 1582 2494 sac
