1781 2889
392 240 488 308 238
623 239 674 287 S.
709 237 1080 290 FRANCISCI
1115 239 1410 290 XAVERII

321 338 418 396 uit,
456 334 678 394 videtur,
716 351 817 383 non
854 333 1109 400 indignum
1147 353 1266 410 opus
1321 335 1429 407 fore
1478 322 1608 390 ‘tua
1622 337 1709 386 Sa·

325 402 634 478 pientissima
683 401 1101 464 Omnipotentia‚
1135 419 1174 450 si
1210 419 1271 453 ex
1322 401 1423 462 ejus
1474 403 1709 470 sanguine

323 470 553 535 virgineo
590 467 830 533 digneris,
883 468 1015 531 quod
1051 466 1191 517 facile
1256 481 1396 534 potes
1452 471 1708 532 Domine,

324 534 544 584 formare
581 549 756 597 corpus
792 535 1086 593 humanum,
1123 534 1252 583 sicut
1288 535 1407 583 olim
1448 535 1706 596 Domine,

325 599 550 650 formasti
588 615 764 662 corpus
803 599 1020 660 Adami,
1058 599 1253 663 quando
1289 600 1335 648 id
1384 615 1564 650 sanctae
1619 617 1708 650 vo·

322 665 510 716 luntati
546 667 660 714 Tuae
697 664 915 729 placuit.
951 668 1004 714 In
1041 665 1142 714 tale
1178 669 1328 728 porro
1363 681 1536 730 corpus
1572 670 1598 715 ὲ
1620 683 1706 729 pu-

326 732 515 785 tissima
552 731 763 797 Virginis
799 732 1073 781 substantia
1097 730 1396 791 formatum,
1417 746 1558 794 potes
1577 733 1735 781 idcm'

324 798 681 869 Omnipotens
702 799 922 847 Domine
959 797 1101 846 simul
1137 813 1338 858 creare>
1373 798 1512 846 simul
1549 797 1709 846 infun-

328 867 447 914 dere
485 877 636 929 atque
673 862 842 914 intime
879 864 1016 912 unire
1052 864 1269 912 animam
1309 879 1456 912 unam
1494 864 1711 937 aliquam

329 931 606 990 eximiam,
643 923 862 978 omniiim
901 947 1019 994 quas
1057 946 1271 1002 unquam
1309 944 1393 978 aut
1414 930 1710 990 condidisti,

322 1011 411 1047 aut
446 1013 494 1046 es
531 996 816 1046 conditurus
840 996 1205 1046 Sanctissimam
1222 997 1498 1063 (interim
1535 996 1710 1047 eodem

326 1077 557 1137 tempore
595 1063 816 1112 decrevit
854 1065 991 1112 Deus
1027 1063 1076 1110 in
1113 1053 1298 1112 arcano
1345 1063 1554 1112 consilio
1607 1062 1712 1111 Tri..

321 1130 497 1180 nitatis
551 1131 771 1190 Sanctae,
827 1145 1086 1192 personam
1142 1130 1379 1178 Divinam
1431 1129 1479 1178 in
1533 1141 1709 1181 ventre

325 1195 540 1263 Virginis
582 1195 753 1244 Mariae
791 1197 1014 1245 humanae
1054 1209 1239 1245 naturae
1275 1196 1510 1268 sociare)
1557 1209 1611 1244 ut
1647 1211 1708 1244 ex

323 1236 446 1312 ista&
457 1275 743 1310 cunctarum
781 1262 1175 1325 praestantissima
1223 1262 1424 1329 Virgine
1478 1275 1710 1311 nascatur

321 1329 517 1393 JESUS
553 1327 774 1376 Christus
811 1341 919 1376 tuus
967 1328 1109 1376 Filius
1147 1330 1314 1377 mundi
1351 1327 1584 1377 Salvator
1602 1327 1710 1376 uni-

323 1411 486 1444 verm.
538 1394 618 1442 Sic
670 1393 890 1443 Domine
923 1394 1261 1467 implebuntur
1314 1393 1597 1456 scripturae,
1648 1409 1707 1443 ac

327 1462 448 1512 fides
485 1460 739 1508 constabit
777 1460 1184 1521 promissionum,
1236 1476 1322 1522 per
1358 1476 1474 1532 quas
1512 1462 1583 1508 Te
1621 1459 1707 1508 ob-

232 1587 247 1598 st
322 1526 563 1577 strinxisti
618 1526 873 1598 Prophetis
910 1527 967 1577 &
1017 1527 1310 1574 Patriarchis
1363 1525 1534 1573 {micis
1587 1525 1706 1586 tuis,

323 1593 409 1658 qui
463 1607 590 1639 nunc
642 1608 694 1637 ns
748 1590 862 1639 freti
918 1606 1188 1653 expectant
1223 1592 1272 1637 in
1310 1590 1483 1640 Limbo
1536 1590 1706 1640 Filium

317 1672 460 1708 tuum
512 1658 735 1721 JFSUM
791 1656 1037 1706 Christum
1092 1657 1363 1708 Dominum
1400 1658 1458 1710 ὅ(
1494 1658 1708 1708 Redem-

322 1737 521 1790 ptoiein
560 1739 727 1771 suum.

389 1810 438 1858 9.
494 1793 571 1838 Ita
643 1788 896 1837 orantibus
969 1788 1167 1850 Anoelis
1220 1789 1400 1839 sanctis
1454 1789 1703 1850 excelsus,

322 1871 604 1919 supremus,
662 1855 995 1918 Omnipotens
1045 1830 1182 1905 Deus
1216 1870 1380 1906 motus
1413 1856 1587 1904 intima
1618 1858 1704 1902 mi-
1777 1871 1781 1876 ⁴

321 1922 590 1972 sericordia
646 1936 822 1969 nostrae
878 1922 1119 1986 ingentis,
1175 1921 1261 1986 ipsi
1300 1920 1697 1986 perspectissimae

321 1989 557 2047 miseriae,
596 1987 785 2061 legavit
821 1990 846 2037 ὲ
900 1988 1037 2036 coelis
1073 2003 1296 2038 sanctum
1334 1985 1695 2052 Archangelum

318 2022 605 2106 Gabiieldm
661 2071 706 2101 111
744 2055 1003 2103 civitatem
1044 2057 1331 2113 Nazareth,
1370 2054 1453 2102 ubi
1479 2053 1692 2116 degebat

317 2122 476 2187 Virgo
516 2119 708 2179 Maria,
747 2122 857 2179 eui,
896 2133 1042 2181 prout
1078 2136 1184 2169 erat
1221 2120 1371 2180 iussus
1415 2137 1443 2169 a
1494 2119 1697 2168 mitten-

316 2200 402 2247 te,
411 2160 596 2234 e'dixitt
639 2190 745 2235 Ave
790 2188 949 2235 Maria
1003 2187 1165 2252 gratia
1218 2188 1388 2248 plena,
1446 2185 1694 2234 Dominus

310 2267 512 2303 tecum
570 2252 836 2301 Benedicta
891 2266 944 2302 tu
1002 2269 1048 2299 111
1119 2252 1426 2310 mulieribus,
1491 2252 1697 2314 Spiritus

315 2322 529 2368 Sanctus
567 2334 708 2380 super
746 2318 914 2367 veniet
951 2317 998 2365 in
1039 2320 1140 2375 Te,
1179 2321 1235 2371 &
1271 2317 1420 2368 virtus
1458 2315 1695 2366 Altissimi
1742 2327 1747 2334 ⁴

313 2384 626 2441 obumbrabit
646 2382 770 2446 tibi·
807 2385 863 2436 ὃς
901 2385 1031 2452 quod
1066 2397 1293 2435 nascetur
1328 2398 1389 2432 ex
1428 2395 1693 2500 tcbvoca-

1530 2464 1625 2499 itur
