1781 2889
299 213 380 268 cvi
593 214 1305 268 PROLEGOMENA

238 317 325 364 vel
361 331 420 365 10
457 316 574 365 diem
613 320 929 381 consequentis
982 314 1113 377 Maji
1165 315 1522 364 commodissime?
1570 315 1640 365 Τι’.

228 380 423 447 firtur,
479 387 646 448 quippe
679 384 798 431 data
835 383 1044 430 navibus
1080 401 1143 431 ex
1179 383 1404 432 Amboino'
1458 385 1507 429 in
1560 385 1644 430 In-

241 450 368 497 diam
402 450 827 512 proficiscentibus,
867 464 1066 515 quarum
1103 467 1250 498 omnes
1286 453 1518 499 Auctores
1569 449 1643 497 di-

242 530 305 566 ctt
341 530 676 564 meminerunt.

313 581 484 640 Adde,
525 583 645 646 quod
679 581 821 642 hujus
855 582 1053 645 epistolae
1075 597 1133 646 17
1154 585 1366 642 initium,
1406 595 1562 645 nempe
1583 595 1646 631 .”.·.·

243 646 423 710 Scripsi
461 646 522 694 ad
560 663 648 695 vos
685 662 819 694 anno
869 645 1136 710 superiori,
1195 649 1361 712 Reges
1417 648 1541 696 duos
1594 646 1646 694 in

249 714 437 773 insula,
461 727 606 777 quam
631 711 974 762 Macazariam
1012 711 1319 775 appellarint
1359 713 1423 761 ad
1460 712 1647 763 Christi

247 778 545 846 religionem
581 795 687 829 esse
724 778 1015 838 traductOS,
1053 779 1236 828 indicat
1272 779 1529 843 Epistolam
1559 795 1647 827 an-

248 850 295 894 m·
354 846 510 911 1546,
548 847 606 895 de
642 862 736 911 qua
771 850 818 894 in
854 848 953 894 alia
993 860 1048 894 21
1087 844 1343 895 Societati
1395 847 1646 904 Romam,

251 917 418 961 Cocino
440 927 519 959 an.
549 915 673 978 1548
695 917 870 979 scripta
908 931 969 962 ex
1004 913 1271 977 apographo
1306 914 1497 975 hispano
1521 912 1651 976 apud

253 981 529 1028 Cutillatem
580 984 651 1028 ait
673 996 730 1030 ::.·
778 985 927 1030 Anno
982 980 1109 1045 1546
1162 979 1468 1043 (Tursellino
1523 979 1654 1045 1548

253 1063 405 1095 errore
455 1045 742 1112 manifesto)
790 1044 957 1108 scripsi
995 1047 1056 1094 ad
1092 1061 1182 1095 vos
1220 1045 1437 1110 pluribus
1489 1045 1655 1095 verbis

253 1114 312 1161 de
353 1112 525 1161 Insulis
563 1111 810 1161 Molucis.
862 1115 1006 1160 Porro
1059 1116 1107 1159 in
1161 1129 1214 1161 ea
1269 1112 1511 1181 Epistola,
1551 1124 1656 1178 quae

258 1179 412 1227 adhuc
448 1179 776 1239 desideratur,
816 1180 1011 1227 videtur
1049 1181 1325 1241 Xaverius,
1364 1179 1527 1239 rebus,
1583 1196 1654 1228 co-

260 1250 444 1304 minos,
484 1245 691 1309 adeoque
727 1248 887 1294 melias
922 1248 1172 1308 inspectis,
1223 1248 1308 1293 illa
1363 1249 1652 1307 correxisse,

259 1331 362 1378 quae
398 1309 644 1360 Societati
678 1313 894 1361 Romam
918 1315 1082 1360 Cocino
1103 1313 1480 1379 scripserat-lan.
1502 1324 1652 1378 1545,

257 1380 414 1427 dicens
437 1395 495 1428 .”.·.·
521 1379 578 1426 In
606 1394 760 1442 regno
801 1376 1164 1427 Macazariensi
1189 1396 1218 1427 ::
1258 1391 1357 1427 tres
1409 1379 1655 1441 Dynastae

259 1461 374 1494 curn
411 1443 517 1492 aliis
554 1442 766 1507 pluribus
804 1445 863 1493 ad
899 1444 1148 1494 Christum
1195 1456 1531 1511 aggregarunt
1580 1459 1656 1493 se-

261 1527 345 1560 se.
384 1514 560 1575 Nempe
595 1515 755 1560 Cocini
787 1525 886 1561 tres
925 1512 1183 1576 Dynastas
1236 1512 1489 1570 audierat,
1546 1528 1660 1576 quos

259 1583 310 1625 in
347 1577 572 1626 Amboino
607 1580 818 1643 deinceps
852 1578 974 1626 duos
999 1578 1154 1644 fuisse
1188 1578 1355 1643 Reges
1406 1581 1658 1642 cognovit.

264 1647 500 1693 Praeterea
538 1648 586 1691 in
623 1646 778 1697 eadem
809 1646 1001 1710 epistola
1041 1660 1100 1709 17
1123 1661 1178 1693 :.·.·
1215 1645 1354 1693 Intra
1403 1658 1622 1693 mensem
1645 1677 1658 1704 ,

265 1715 365 1769 ait,
403 1709 644 1773 proficisci
681 1711 730 1759 in
767 1710 987 1759 Insulam
1035 1710 1260 1776 cogitot:
1298 1712 1462 1759 Causa
1510 1709 1661 1773 profi-

267 1775 483 1825 ciscendi
523 1792 625 1837 est,
664 1778 798 1842 quod
835 1793 863 1825 a
901 1791 1003 1826 tam
1043 1775 1248 1826 nefariis
1285 1775 1663 1836 sceleribus‚ac

267 1841 467 1906 flagitiis
503 1843 564 1890 ad
604 1843 938 1894 Christianam
971 1842 1216 1908 pietatem
1252 1842 1481 1892 converti
1530 1842 1662 1893 velle

271 1907 525 1974 cognovi.
566 1915 678 1959 Haec
713 1915 792 1975 qui
832 1929 929 1959 cum
968 1912 1197 1971 omnibus,
1247 1929 1347 1975 quae
1382 1911 1440 1958 de
1474 1911 1663 1958 Mauri-

270 1991 324 2024 σα
360 1976 588 2036 dixerat,
645 1978 850 2044 conferre
903 1981 1138 2035 voluerit,
1181 1976 1335 2043 facile
1388 1977 1659 2041 dignoscet,

273 2043 541 2091 xaverium
580 2058 688 2092 tunc
724 2050 935 2107 temporis
972 2062 1056 2092 non
1092 2047 1361 2092 Mauricum
1383 2042 1497 2105 ,sed
1515 2044 1661 2092 aliam

274 2113 451 2158 omnino
492 2113 695 2159 Insulam
745 2115 1003 2176 cogitasse:
1053 2127 1209 2159 earum
1260 2123 1368 2174 puto
1418 2111 1660 2175 aliquam,

271 2178 322 2245 itt
359 2192 477 2240 quas
511 2196 573 2225 ex
610 2179 835 2226 Amboino
872 2180 1156 2238 divertisse,
1194 2180 1376 2227 labente
1409 2190 1488 2239 an.
1512 2191 1662 2244 1547,

274 2244 478 2303 ejusdem
517 2244 724 2292 historici
751 2258 1129 2294 commemorant.

347 2312 424 2356 Ne
473 2310 588 2374 quid
637 2325 790 2359 tamen
840 2313 1157 2369 dissimulem,
1213 2325 1302 2373 quo
1350 2313 1546 2357 sentiam
1599 2326 1669 2359 me

276 2380 550 2425 commoveri
569 2410 582 2438 ,
621 2382 669 2424 in
706 2379 901 2428 medium
935 2377 1166 2444 proferam
1202 2371 1557 2492 difficultatlzm,
1595 2379 1667 2426 cui

1481 2457 1605 2492 acte·
