1781 2889
423 188 518 240 IN
566 187 615 237 S.
665 187 1194 245 XAVERIUM'.
1347 191 1432 242 ciii

114 286 463 352 conjungenda,
505 304 653 334 omnes
689 302 768 334 eas
803 289 849 332 in
885 286 1005 335 hunc
1056 286 1236 348 locum,
1288 300 1332 337 et
1385 303 1495 340 tem.

110 368 196 417 pus
213 354 411 419 conferre
430 386 441 411 ‚
464 356 619 402 visum
639 367 705 402 est
723 354 1104 402 accommodatius
1122 388 1136 400 .

112 419 604 469 EPISTULARUM

114 486 246 533 Ordo
279 502 429 534 novus
700 483 829 532 Ordo
866 498 1007 533 vetus

116 552 222 599 Lib.
293 568 338 600 2.

128 617 223 681 Ep.
261 631 335 681 14.
376 614 430 664 T.
464 617 498 664 l.
536 633 557 665 1
597 630 664 679 ep.
705 629 788 680 15,
841 615 1084 664 Societati

408 683 602 731 Goam.
639 684 864 729 Amboino
902 699 990 741 10,
1027 686 1082 729 C.

411 750 441 796 8
478 749 606 810 Muji
644 750 771 812 1546
853 776 874 786 -
957 771 978 786 ->
1059 772 1079 786 ‹-
1215 748 1340 813 Maj.
1372 751 1501 819 1546

182 812 341 876 Hujus
376 815 574 878 epistolae
608 816 737 875 apud
774 813 1079 862 Tursellinum
1115 817 1279 864 menda
1297 826 1375 875 {a
1404 822 1498 866 Pa-

113 885 350 945 trignanio
402 882 567 928 Italic&
604 880 818 939 reddita,
855 897 877 926 e
914 881 1141 928 Cutillate
1175 888 1495 933 correximus.

114 949 282 1011 Neque
316 949 432 993 enim
468 960 497 992 a
532 946 606 993 die
645 962 704 994 10
729 948 842 1011 Jan.
876 945 941 992 ad
979 961 1039 1010 17
1073 945 1273 1006 ejusdem
1295 955 1493 1011 mensis,

112 1025 165 1060 ut
199 1026 269 1060 est
302 1012 428 1075 apud
461 1012 591 1070 illos,
627 1016 774 1073 potuit
811 1014 1056 1058 Xaverius
1082 1015 1357 1062 Amboinum
1385 1019 1498 1064 Ma-

112 1079 220 1125 lact'z
271 1079 515 1140 pervenire
530 1095 552 1135 ;
602 1094 680 1123 nec
729 1080 769 1123 si
818 1090 914 1123 tam
968 1076 1105 1124 brevi
1161 1085 1453 1144 pervenisset
1487 1113 1502 1141 ‚

110 1142 358 1191 trimestre
408 1143 549 1190 solum
587 1152 776 1203 tempus
811 1141 978 1189 ibidem
1014 1143 1299 1194 substitisset
1353 1165 1498 1211 usque

111 1207 177 1256 ad
211 1207 505 1256 dimidiatum
543 1205 652 1271 fere
703 1221 1044 1272 consequentem
1095 1209 1324 1271 Majum‚·
1379 1213 1504 1277 quod

111 1288 181 1322 est
230 1291 262 1324 a
315 1276 530 1323 Xaverio
561 1272 792 1337 proditum
846 1278 976 1337 epist.
1034 1289 1093 1338 17
1146 1279 1370 1326 Societati
1410 1281 1502 1328 Ro-

113 1355 263 1387 mam.
301 1342 547 1389 xaverius
580 1343 697 1401 ipse,
738 1340 986 1389 thrsellini
1020 1342 1100 1387 lib.
1139 1357 1165 1390 2
1203 1360 1272 1408 ep.
1309 1359 1366 1402 2,
1421 1361 1500 1391 no-

111 1406 185 1452 bis
236 1407 316 1454 lib.
369 1423 397 1456 2
450 1421 516 1468 ep.
572 1405 659 1463 16,
708 1408 778 1454 ita
823 1408 1109 1472 loquiturx:
1146 1409 1253 1473 Ego
1294 1406 1497 1459 Malaca

112 1468 221 1519 Kal.
270 1473 384 1535 Jan.
422 1468 681 1521 Molucum
718 1487 879 1520 versus
917 1471 1139 1534 discessi,
1195 1476 1340 1524 XVI.
1387 1475 1500 1525 Kal.

115 1538 270 1585 Mart.
304 1537 469 1600 appuli
505 1537 567 1584 ad
602 1537 929 1586 Amboinum.
968 1543 1057 1588 Cui
1091 1554 1307 1588 consonat
1344 1544 1496 1590 Cutil-

114 1605 228 1650 latis
261 1604 577 1669 apographum
612 1602 699 1650 hac
732 1608 865 1667 epist«
902 1621 995 1668 14:
1040 1606 1114 1654 die
1154 1622 1174 1654 1
1204 1609 1316 1673 Jan.
1356 1609 1498 1671 1546.

116 1666 322 1716 Malaca
371 1669 675 1718 solvimusz:
741 1669 803 1716 ad
872 1670 1173 1718 Amboinum
1225 1670 1502 1734 appulimus

117 1731 195 1780 die
253 1750 312 1799 14
363 1735 498 1783 Febr.
550 1734 930 1799 consequentis,
980 1740 1255 1785 Franciscus
1309 1741 1503 1788 Garzia

116 1799 197 1846 lib.
235 1813 263 1846 2
299 1818 336 1848 c.
375 1815 431 1858 z,
470 1799 765 1859 Xaverium,
803 1805 899 1859 ait,
935 1806 1118 1850 ineunte
1141 1804 1372 1866 ιῘιιηιιίτνίθ
1391 1808 1504 1853 Ma-

115 1865 221 1911 laca
256 1863 539 1928 profectum,
587 1878 686 1926 post
734 1870 1079 1932 sesquimensem
1129 1869 1208 1916 die
1256 1870 1317 1918 16
1370 1872 1502 1918 Febr.

116 1930 336 1978 Amhoim'
368 1945 547 1994 portum
585 1931 804 1981 subiisse.
843 1937 1055 1983 Fortasse
1089 1934 1276 1982 biduum
1314 1936 1431 1984 illud
1473 1951 1506 1983 a

115 1995 190 2042 die
246 2012 306 2060 14
356 1997 422 2043 ad
461 1997 522 2046 16
553 2012 689 2060 prope
743 1999 946 2047 eamdem
999 2000 1206 2049 Insulam
1258 2007 1501 2050 contritum

119 2074 215 2120 est,
269 2075 320 2109 ut
373 2066 474 2113 olim
512 2065 696 2110 Lucena
746 2079 774 2110 a
826 2080 936 2129 pag.
973 2081 1082 2129 224.
1139 2082 1406 2114 monuerat.
1443 2070 1500 2115 In

122 2126 377 2175 Tursellino
413 2129 473 2175 ad
512 2129 599 2177 IV.
634 2129 744 2176 Idus
780 2131 936 2193 (ferte
974 2132 1186 2194 Nonas)
1214 2132 1327 2194 Jan.
1363 2133 1494 2181 subs-

120 2194 328 2241 tituimus
347 2193 454 2242 Kal.
488 2194 632 2256 Jan.,
669 2208 712 2242 et
746 2211 825 2259 pro
861 2198 1002 2244 XVI.
1038 2195 1146 2244 Kal.
1164 2197 1302 2246 Febr.
1324 2228 1335 2254 ,
1358 2199 1501 2247 XVI.

121 2257 233 2303 Kal.
269 2261 420 2307 Mart.
455 2262 534 2307 De
569 2261 643 2309 die
680 2275 875 2322 octav0,
911 2266 1016 2312 sive
1050 2262 1220 2314 decimo
1256 2262 1385 2325 fides
1436 2268 1498 2314 sit

116 2335 251 2386 penes
283 2326 576 2392 apographa.

753 2411 785 2461 g
818 2412 852 2462 4
1275 2395 1436 2444 EPIS-
