1781 2889
365 224 460 275 166
595 221 645 270 S.
681 219 1051 271 FRANCISCI
1086 220 1410 270 XAVERII-
1452 230 1458 233 “
1495 228 1498 231 ’
1538 235 1539 238 ’

296 332 508 383 capaces
546 316 767 380 quotidie
804 329 1087 381 cogantur,
1128 316 1397 381 praeposito
1437 312 1682 380 Magistro

297 389 380 452 qui
417 400 502 433 eos
538 384 753 431 doceat.
791 384 845 430 In
884 380 1019 438 nujus
1047 383 1331 443 Minerval,
1371 383 1427 434 &
1464 383 1501 431 si
1536 395 1684 446 quem

298 454 451 502 alium
486 451 589 507 haec
641 447 894 497 institutio
947 462 1190 511 sumptum
1238 450 1483 515 requiret,
1537 445 1687 496 tollas

297 532 466 568 tecum
505 529 686 563 censeo
723 529 783 562 ex
820 514 1029 577 pecunia
1065 515 1113 562 in
1151 516 1197 564 id
1233 515 1451 579 seposita
1507 512 1683 562 fanoes

298 597 503 634 centum
541 580 925 646 quinquaginta.
979 582 1101 630 Eam
1142 598 1379 630 summam
1430 577 1686 644 disperties

298 645 669 713 Ludimagistris
726 662 808 710 per
859 662 1012 712 pagos
1066 647 1310 713 singulos,
1361 648 1439 696 ubi
1492 661 1576 695 eos
1613 644 1683 690 in-

298 717 506 766 choasse
543 713 639 773 jam
693 713 979 778 negotium,
1017 715 1073 765 <Sc
1110 728 1280 762 tenere
1336 713 1557 763 ordinem
1613 709 1684 759 vi-

298 783 454 842 deris,
494 780 681 828 nullum
718 780 886 827 abiens
922 778 1170 845 relinquas
1206 779 1282 828 cui
1320 795 1417 830 non
1453 795 1546 827 suae
1568 792 1686 840 pen-

298 848 447 898 sionis
486 859 678 912 partem
716 845 1193 910 numeraveris,quo
1215 846 1419 895 alacrius
1443 855 1687 911 pergant3

298 917 359 968 <Sc
396 916 457 963 ad
493 914 798 978 probandam
838 928 1040 976 operam
1078 927 1278 962 ostenso
1298 910 1528 975 profectu
1567 924 1685 972 pue-

299 998 495 1040 rorum,
534 995 645 1028 cum
682 977 992 1037 redierimus,
1016 979 1332 1038 excitentur,
1370 993 1454 1042 spe
1492 978 1688 1038 insuper

298 1048 546 1097 invitante
583 1046 797 1110 quaestus
834 1044 1112 1095 ulterioris:
1148 1046 1334 1095 nullum
1353 1045 1556 1095 omittas
1587 1056 1705 1089 ma-·

300 1115 414 1181 pale
450 1125 565 1180 toto
603 1114 689 1162 illo
728 1125 920 1172 tractu,
976 1125 1184 1175 quantus
1241 1125 1382 1175 patet
1437 1122 1586 1176 usque
1622 1106 1686 1155 ad
1759 1152 1761 1154 .

299 1177 565 1232 Piscariam
604 1177 881 1238 Maiorem,
919 1177 1000 1226 ubi
1054 1180 1155 1227 haec
1193 1178 1510 1242 parvulorum
1568 1190 1687 1223 con-

299 1247 560 1298 venticula
598 1245 893 1312 quotidiana
929 1261 1030 1294 non
1068 1246 1124 1296 δε
1160 1261 1366 1309 praesens
1404 1244 1691 1293 celebrave-

300 1314 390 1374 ris,
429 1316 484 1366 &
523 1315 605 1378 qui
643 1326 693 1362 te
730 1313 932 1361 absente
982 1311 1284 1361 continuent
1340 1313 1474 1360 recte
1521 1307 1686 1372 provi·

303 1380 455 1430 deris.
495 1382 552 1428 In
589 1394 726 1430 tuum
763 1377 909 1442 ipsius
960 1379 1145 1428 victum
1180 1377 1439 1442 pecuniam
1475 1372 1690 1437 accipias

302 1463 331 1496 a
369 1445 612 1497 Praefecto
635 1483 646 1494 .

369 1534 415 1580 4.
459 1515 736 1574 Manapare
775 1513 969 1561 Tonum
1008 1527 1165 1560 sumes
1208 1510 1289 1575 qui
1327 1511 1398 1559 Te
1437 1511 1691 1571 Careapa-

280 1582 474 1630 'tanum
513 1578 766 1643 perferat.
819 1580 915 1627 Sed
968 1578 1084 1626 illuc
1136 1592 1407 1642 antequam
1444 1574 1690 1639 appellas,

302 1649 518 1696 deflecte
559 1645 939 1694 Monchurium.
979 1644 1126 1694 Vicus
1167 1644 1245 1692 hic
1272 1644 1693 1693 estMacliuarum

302 1714 522 1763 nondum
561 1713 960 1775 baptizatorum:
1002 1711 1153 1759 distat
1189 1714 1216 1759 a
1252 1709 1452 1773 cuspide
1506 1711 1693 1763 Como-

299 1780 503 1830 rinensis
540 1778 902 1838 Promontorii,
941 1793 1040 1826 non
1079 1776 1236 1826 multo
1259 1777 1361 1840 plus
1384 1775 1534 1825 leucae
1555 1773 1697 1823 unius

299 1847 495 1911 spatio.
534 1845 743 1908 Baptiza
781 1861 899 1904 ρος,
937 1843 1099 1908 parati
1137 1843 1268 1892 enim
1309 1843 1426 1891 satis
1479 1842 1539 1891 ad
1595 1840 1690 1889 hoc

304 1926 450 1973 sunt,
489 1915 544 1965 ὃς
586 1911 845 1976 plurimum
882 1925 933 1958 se
970 1911 1014 1958 id
1052 1926 1228 1973 cupere
1283 1925 1408 1974 saepe
1463 1906 1693 1958 ostende-

299 1993 448 2038 runt,
487 1978 718 2044 allegatis
770 1979 831 2026 ad
883 1992 960 2025 me
1014 1976 1095 2040 qui
1149 1976 1294 2026 enixe
1332 1985 1592 2043 rogarent,
1630 1987 1693 2020 ne

302 2062 540 2114 gravarer
590 2046 651 2093 ad
698 2060 749 2093 se
803 2043 974 2094 venire
1029 2043 1397 2105 baptizaturum
1450 2052 1693 2098 cunctos;

300 2130 394 2162 nec
433 2111 549 2160 mihi
587 2110 818 2161 voluntas
856 2108 1015 2158 defuit
1051 2109 1355 2174 obsequendi
1391 2106 1477 2172 piis
1525 2104 1691 2154 votis:

298 2184 385 2230 sed
424 2179 687 2245 accingere
724 2177 787 2225 ad
824 2176 919 2226 iter
956 2176 1085 2225 istud
1121 2192 1247 2240 saepe
1286 2189 1363 2223 me
1414 2184 1690 2222 conantem

299 2246 607 2310 urgentiores
637 2260 830 2307 semper
866 2242 1228 2302 occupationes
1266 2252 1535 2289 tenuerunt
1557 2274 1568 2286 .
1591 2241 1692 2287 An-

298 2313 466 2362 tonius
504 2313 790 2362 Fcrnandez
828 2313 854 2359 e
892 2308 1181 2358 Christianis
1222 2305 1563 2356 Malabaribus
1620 2319 1696 2353 se-

297 2393 496 2431 cuturus
533 2391 583 2429 te
620 2394 739 2428 mox
775 2389 881 2439 est,
921 2376 976 2429 &
1015 2373 1155 2428 brevi
1191 2372 1384 2424 scilicet
1439 2383 1692 2424 assecutu-

1513 2452 1589 2488 rus
1611 2469 1625 2498 ‚
