1781 2889
374 226 471 294 296
604 225 654 273 S.
690 218 1059 272 FRANCISCI
1095 218 1392 270 XAVERII

309 323 454 386 quam
508 315 907 367 Concionatores
973 313 1250 365 desiderat.
1304 317 1360 364 In
1421 313 1520 379 his,
1580 332 1703 382 quos

310 388 406 437 huc
442 383 681 449 magister
718 381 890 429 Simon
925 379 1177 441 submisit,
1217 398 1364 431 nemo
1403 395 1475 432 est
1528 385 1700 450 (quod

311 454 507 516 sciam)
558 446 908 497 Concionator
942 480 955 494 .
1011 445 1227 495 Lusitani
1284 462 1448 497 autem
1503 452 1695 500 Indiam

312 517 590 566 incolentes
620 547 631 572 ,
670 530 758 577 pro
796 527 882 559 suo
919 512 1122 578 egregio
1159 529 1273 580 erga
1311 531 1398 564 nos
1436 518 1595 565 studio
1631 533 1691 565 ac

315 580 701 640 benevolentia,
751 578 959 627 idoneos
1013 592 1191 628 nostrae
1247 582 1509 631 Societatis
1563 586 1701 633 Con-

314 651 602 699 cionatores
639 656 889 715 exoptant
926 644 1101 692 mirum
1140 647 1186 693 in
1224 648 1422 695 modum
1446 684 1457 695 .
1493 649 1699 698 Proinde

314 731 367 766 te
406 732 490 780 per
530 713 764 772 DEUM,
818 727 1019 775 ejusque
1071 710 1287 770 cultum,-
1337 714 1594 776 obtestor,
1649 728 1704 763 ut

313 796 422 834 tam
461 781 527 846 pii
564 778 778 843 justique
816 776 1011 825 illorum
1049 777 1292 841 postulati
1345 793 1560 841 memor,
1616 780 1704 828 ali-

316 863 443 915 quot
479 849 572 898 huc
611 846 780 894 mittas
817 845 988 893 Patres
1026 845 1088 892 ad
1125 844 1171 893 id
1208 861 1378 893 munus
1415 848 1701 911 appositos,

314 917 396 981 qui
451 927 642 964 rectum
702 909 973 960 errantibus
1039 910 1207 959 salutis
1260 912 1353 961 iter
1406 914 1703 963 ostendant.

316 987 459 1050 Qos
495 982 735 1045 praeterea
772 980 797 1026 ὲ
834 976 1095 1045 Societate
1124 977 1350 1026 missurus
1368 992 1518 1040 es,ut
1537 983 1707 1030 Evan-

314 1049 433 1117 gelii
483 1047 631 1097 causa
684 1043 1007 1093 Ethnicorum
1060 1043 1198 1094 vicos
1251 1057 1559 1112 peragrent,
1615 1048 1703 1094 hos

317 1131 420 1166 tam
458 1126 686 1179 spectata
722 1107 975 1174 probitate
1012 1122 1217 1174 oportet
1253 1126 1388 1172 esse,
1424 1125 1480 1162 ut
1514 1114 1707 1167 tuto&

317 1180 552 1232 comitati
606 1180 675 1228 ire
729 1176 915 1241 possint
968 1177 1026 1229 ὅτ
1078 1176 1194 1238 soli,
1250 1193 1566 1244 quocumque
1621 1194 1708 1228 eos

319 1247 604 1300 Christiana
659 1259 732 1294 res
785 1255 970 1303 vocet,
1025 1243 1163 1293 velut
1215 1241 1262 1291 in
1313 1245 1600 1304 Molucum‚
1655 1246 1704 1293 in

319 1317 493 1375 Sinas,
530 1313 579 1361 in
615 1310 913 1376 Japoniam.
967 1309 1059 1358 Vel
1095 1326 1155 1358 ex
1194 1310 1421 1360 Sinarum
1459 1312 1516 1364 δε
1550 1312 1706 1374 Japo-

320 1383 445 1442 niae,
484 1382 753 1440 earumque
789 1375 1011 1443 gentium
1048 1374 1414 1438 descriptione,
1453 1392 1597 1441 quam
1636 1377 1706 1426 his

318 1449 562 1497 inclusam
600 1441 778 1492 litteris
814 1444 875 1490 ad
913 1453 962 1491 te
999 1443 1182 1504 mitto,
1221 1440 1365 1492 facile
1421 1440 1703 1510 intelliges,

317 1511 587 1573 cuiusmodi
628 1510 830 1558 tandem
869 1507 973 1571 ipsa
1009 1525 1085 1556 res
1123 1521 1364 1571 expectat
1401 1508 1559 1559 viros·

393 1597 436 1648 3.
472 1575 754 1628 Pontificias
777 1574 1138 1640 Indulgentias,
1162 1574 1575 1641 privilegiumque
1599 1577 1706 1624 Arae

316 1648 539 1696 maximae
577 1641 730 1691 nostri
781 1639 1030 1706 Collegii,
1086 1640 1206 1689 item
1256 1654 1561 1703 potestatem
1619 1644 1705 1690 Sa-

317 1711 632 1766 cerdotibuS,
671 1720 725 1756 ut
760 1720 981 1756 remotos
1017 1708 1228 1771 populos
1264 1709 1543 1757 Chrismate
1565 1708 1706 1755 inun-

317 1794 441 1848 gant
479 1795 567 1842 pro
605 1774 885 1838 Episcopo,
923 1773 984 1822 de
1023 1775 1194 1838 quibus
1231 1775 1293 1823 ad
1339 1787 1390 1823 te
1443 1773 1705 1838 superiori-

317 1849 405 1895 bus
443 1844 582 1893 annis
616 1839 816 1904 scripsi,
855 1840 1210 1890 incredibiliter
1247 1852 1600 1903 expectamus.
1623 1842 1703 1888 De

316 1908 711 1983 Qadragesima
748 1922 858 1955 usus
895 1923 972 1956 me
1009 1907 1208 1966 docuit,
1265 1905 1384 1956 nihil
1435 1907 1705 1955 admodum

318 1994 522 2030 necesse
559 1991 662 2025 esse
701 1973 963 2038 quicquam
1002 1971 1276 2023 immutari.
1313 1974 1444 2023 Nam
1485 1972 1703 2022 Lusitani

317 2047 450 2095 adeo
486 2043 606 2094 locis
629 2041 860 2101 disjuncti
896 2052 1008 2090 sunt
1043 2041 1091 2089 in
1115 2040 1283 2100 India,
1322 2053 1377 2090 ut
1413 2040 1447 2088 si
1483 2055 1704 2087 commo-

316 2113 432 2162 dum
470 2122 663 2173 spectes
701 2106 970 2171 publicum,
1010 2108 1141 2155 nulla
1179 2107 1529 2156 immutatione
1583 2121 1704 2168 opus

315 2179 405 2228 sit.
443 2179 625 2241 Neque
663 2174 792 2223 enim
832 2176 1004 2237 hyems
1038 2175 1216 2224 eodem
1264 2186 1488 2233 tempore
1535 2188 1621 2235 per
1649 2188 1702 2220 o-

317 2261 455 2296 mnes
494 2244 839 2293 Lusitanorum
875 2240 1108 2290 civitates
1146 2254 1296 2305 atque
1333 2237 1512 2303 oppida
1550 2253 1700 2304 vaga-

318 2324 427 2363 tur.
464 2313 633 2378 Qare
671 2308 839 2356 habita
875 2307 1152 2356 communis
1189 2305 1305 2356 boni
1352 2306 1573 2363 ratione,
1623 2319 1700 2352 sa-

317 2377 417 2428 tius
437 2377 595 2435 duco,
619 2374 736 2423 nihil
759 2373 953 2423 decerni
979 2391 1121 2436 super
1135 2389 1192 2422 ea
1207 2389 1258 2423 re
1279 2370 1530 2434 novi,etsi
1549 2369 1697 2420 video
1745 2430 1748 2432 ,

320 2460 421 2494 non
442 2444 610 2494 deesse
624 2477 637 2503 ,
659 2442 738 2507 qui
757 2443 932 2492 contra
949 2440 1184 2491 sentiant.
1581 2454 1633 2503 4.
