<?xml version="1.0" encoding="UTF-8"?>
<!DOCTYPE html PUBLIC "-//W3C//DTD XHTML 1.0 Transitional//EN"
    "http://www.w3.org/TR/xhtml1/DTD/xhtml1-transitional.dtd">
<html xmlns="http://www.w3.org/1999/xhtml" xml:lang="en" lang="en">
 <head>
  <title>
</title>
<meta http-equiv="Content-Type" content="text/html;charset=utf-8" />
  <meta name='ocr-system' content='tesseract 3.04.00' />
  <meta name='ocr-capabilities' content='ocr_page ocr_carea ocr_par ocr_line ocrx_word'/>
</head>
<body>
  <div class='ocr_page' id='page_1' title='image "./sfranciscixaveri01fran_0390.png"; bbox 0 0 1781 2889; ppageno 0'>
   <div class='ocr_carea' id='block_1_1' title="bbox 334 193 1374 262">
    <p class='ocr_par' dir='ltr' id='par_1_1' title="bbox 334 193 1374 262">
     <span class='ocr_line' id='line_1_1' title="bbox 334 193 1374 262; baseline -0.001 -17"><span class='ocrx_word' id='word_1_1' title='bbox 334 209 426 262; x_wconf 81' lang='lat'>234</span> <span class='ocrx_word' id='word_1_2' title='bbox 594 196 644 244; x_wconf 75' lang='lat' dir='ltr'>S.</span> <span class='ocrx_word' id='word_1_3' title='bbox 677 194 758 242; x_wconf 63' lang='lat' dir='ltr'>PR</span> <span class='ocrx_word' id='word_1_4' title='bbox 767 193 1044 243; x_wconf 65' lang='lat' dir='ltr'>ANCISCI</span> <span class='ocrx_word' id='word_1_5' title='bbox 1082 195 1374 245; x_wconf 76' lang='lat' dir='ltr'>XAVERII</span> 
     </span>
    </p>
   </div>
   <div class='ocr_carea' id='block_1_2' title="bbox 270 289 1718 2470">
    <p class='ocr_par' dir='ltr' id='par_1_2' title="bbox 270 289 1718 814">
     <span class='ocr_line' id='line_1_2' title="bbox 270 289 1649 355; baseline 0.001 -18"><span class='ocrx_word' id='word_1_6' title='bbox 270 306 363 354; x_wconf 80' lang='lat' dir='ltr'>que</span> <span class='ocrx_word' id='word_1_7' title='bbox 410 303 483 338; x_wconf 80' lang='lat' dir='ltr'>est</span> <span class='ocrx_word' id='word_1_8' title='bbox 539 293 635 355; x_wconf 63' lang='lat' dir='ltr'>flag</span> <span class='ocrx_word' id='word_1_9' title='bbox 623 291 752 339; x_wconf 79' lang='lat' dir='ltr'>itios</span> <span class='ocrx_word' id='word_1_10' title='bbox 761 291 829 336; x_wconf 73' lang='lat' dir='ltr'>{su</span> <span class='ocrx_word' id='word_1_11' title='bbox 883 291 938 341; x_wconf 81' lang='lat'>&amp;</span> <span class='ocrx_word' id='word_1_12' title='bbox 973 291 1235 341; x_wconf 85' lang='lat' dir='ltr'>dolendum</span> <span class='ocrx_word' id='word_1_13' title='bbox 1287 289 1473 355; x_wconf 72' lang='lat' dir='ltr'>inagis,</span> <span class='ocrx_word' id='word_1_14' title='bbox 1531 289 1649 339; x_wconf 81' lang='lat' dir='ltr'>mali</span> 
     </span>
     <span class='ocr_line' id='line_1_3' title="bbox 271 342 1658 430; baseline 0.002 -27"><span class='ocrx_word' id='word_1_15' title='bbox 271 356 422 403; x_wconf 80' lang='lat' dir='ltr'>etiarn</span> <span class='ocrx_word' id='word_1_16' title='bbox 459 369 692 430; x_wconf 72' lang='lat' dir='ltr'>usurpint</span> <span class='ocrx_word' id='word_1_17' title='bbox 727 355 1023 416; x_wconf 76' lang='lat' dir='ltr'>Christiani,</span> <span class='ocrx_word' id='word_1_18' title='bbox 1060 358 1321 407; x_wconf 80' lang='lat' dir='ltr'>multarum</span> <span class='ocrx_word' id='word_1_19' title='bbox 1369 342 1517 405; x_wconf 86' lang='lat' dir='ltr'>simul</span> <span class='ocrx_word' id='word_1_20' title='bbox 1571 358 1658 406; x_wconf 84' lang='lat' dir='ltr'>ha·-</span> 
     </span>
     <span class='ocr_line' id='line_1_4' title="bbox 277 422 1660 488; baseline 0.001 -20"><span class='ocrx_word' id='word_1_21' title='bbox 277 422 546 469; x_wconf 84' lang='lat' dir='ltr'>bendarum</span> <span class='ocrx_word' id='word_1_22' title='bbox 586 423 633 469; x_wconf 90' lang='lat' dir='ltr'>in</span> <span class='ocrx_word' id='word_1_23' title='bbox 670 422 999 470; x_wconf 83' lang='lat' dir='ltr'>contubernio</span> <span class='ocrx_word' id='word_1_24' title='bbox 1037 423 1325 483; x_wconf 85' lang='lat' dir='ltr'>mulierum,</span> <span class='ocrx_word' id='word_1_25' title='bbox 1375 439 1466 470; x_wconf 88' lang='lat' dir='ltr'>nec</span> <span class='ocrx_word' id='word_1_26' title='bbox 1502 422 1538 470; x_wconf 88' lang='lat' dir='ltr'>si</span> <span class='ocrx_word' id='word_1_27' title='bbox 1576 422 1660 488; x_wconf 85' lang='lat' dir='ltr'>qui</span> 
     </span>
     <span class='ocr_line' id='line_1_5' title="bbox 275 487 1659 553; baseline 0.004 -20"><span class='ocrx_word' id='word_1_28' title='bbox 275 487 594 553; x_wconf 76' lang='lat' dir='ltr'>singularibus</span> <span class='ocrx_word' id='word_1_29' title='bbox 647 487 797 536; x_wconf 83' lang='lat' dir='ltr'>etiam</span> <span class='ocrx_word' id='word_1_30' title='bbox 850 487 1141 536; x_wconf 78' lang='lat' dir='ltr'>concubinis</span> <span class='ocrx_word' id='word_1_31' title='bbox 1186 500 1466 537; x_wconf 81' lang='lat' dir='ltr'>assuescunt</span> <span class='ocrx_word' id='word_1_32' title='bbox 1519 489 1659 550; x_wconf 70' lang='lat' dir='ltr'>hujus</span> 
     </span>
     <span class='ocr_line' id='line_1_6' title="bbox 277 540 1658 618; baseline 0.004 -17"><span class='ocrx_word' id='word_1_33' title='bbox 277 540 490 614; x_wconf 61' lang='lat' dir='ltr'>evena-911</span> <span class='ocrx_word' id='word_1_34' title='bbox 527 568 616 601; x_wconf 81' lang='lat' dir='ltr'>cei</span> <span class='ocrx_word' id='word_1_35' title='bbox 623 570 781 602; x_wconf 86' lang='lat' dir='ltr'>suram</span> <span class='ocrx_word' id='word_1_36' title='bbox 819 554 1008 613; x_wconf 82' lang='lat' dir='ltr'>vitant,</span> <span class='ocrx_word' id='word_1_37' title='bbox 1046 569 1146 602; x_wconf 90' lang='lat' dir='ltr'>non</span> <span class='ocrx_word' id='word_1_38' title='bbox 1182 555 1312 602; x_wconf 89' lang='lat' dir='ltr'>enim</span> <span class='ocrx_word' id='word_1_39' title='bbox 1348 555 1474 618; x_wconf 86' lang='lat' dir='ltr'>prius</span> <span class='ocrx_word' id='word_1_40' title='bbox 1509 569 1658 606; x_wconf 89' lang='lat' dir='ltr'>auto-</span> 
     </span>
     <span class='ocr_line' id='line_1_7' title="bbox 277 619 1660 682; baseline 0.003 -17"><span class='ocrx_word' id='word_1_41' title='bbox 277 634 326 665; x_wconf 87' lang='lat' dir='ltr'>re</span> <span class='ocrx_word' id='word_1_42' title='bbox 367 621 480 666; x_wconf 84' lang='lat' dir='ltr'>Deo</span> <span class='ocrx_word' id='word_1_43' title='bbox 518 621 673 668; x_wconf 82' lang='lat' dir='ltr'>Adun</span> <span class='ocrx_word' id='word_1_44' title='bbox 708 621 765 672; x_wconf 67' lang='grc' dir='ltr'>δε</span> <span class='ocrx_word' id='word_1_45' title='bbox 802 620 907 668; x_wconf 86' lang='lat' dir='ltr'>Eva</span> <span class='ocrx_word' id='word_1_46' title='bbox 945 620 1192 668; x_wconf 88' lang='lat' dir='ltr'>dederunt</span> <span class='ocrx_word' id='word_1_47' title='bbox 1235 636 1434 682; x_wconf 79' lang='lat' dir='ltr'>operam</span> <span class='ocrx_word' id='word_1_48' title='bbox 1470 619 1660 682; x_wconf 88' lang='lat' dir='ltr'>liberis,</span> 
     </span>
     <span class='ocr_line' id='line_1_8' title="bbox 278 684 1718 757; baseline 0.006 -27"><span class='ocrx_word' id='word_1_49' title='bbox 278 687 422 757; x_wconf 76' lang='lat' dir='ltr'>quam</span> <span class='ocrx_word' id='word_1_50' title='bbox 457 684 520 732; x_wconf 82' lang='lat' dir='ltr'>ab</span> <span class='ocrx_word' id='word_1_51' title='bbox 556 686 661 749; x_wconf 91' lang='lat' dir='ltr'>ipso</span> <span class='ocrx_word' id='word_1_52' title='bbox 711 688 990 747; x_wconf 81' lang='lat' dir='ltr'>Creatore‚</span> <span class='ocrx_word' id='word_1_53' title='bbox 1035 685 1263 751; x_wconf 80' lang='lat' dir='ltr'>legitimo</span> <span class='ocrx_word' id='word_1_54' title='bbox 1299 684 1502 736; x_wconf 87' lang='lat' dir='ltr'>fuissent</span> <span class='ocrx_word' id='word_1_55' title='bbox 1537 704 1658 738; x_wconf 87' lang='lat' dir='ltr'>con·</span> <span class='ocrx_word' id='word_1_56' title='bbox 1716 699 1718 702; x_wconf 77' lang='grc'>’</span> 
     </span>
     <span class='ocr_line' id='line_1_9' title="bbox 278 748 888 814; baseline 0.002 -16"><span class='ocrx_word' id='word_1_57' title='bbox 278 748 415 798; x_wconf 82' lang='lat' dir='ltr'>nubii</span> <span class='ocrx_word' id='word_1_58' title='bbox 453 767 582 800; x_wconf 84' lang='lat' dir='ltr'>nexu</span> <span class='ocrx_word' id='word_1_59' title='bbox 620 751 843 814; x_wconf 86' lang='lat' dir='ltr'>copulati</span> <span class='ocrx_word' id='word_1_60' title='bbox 876 789 888 799; x_wconf 92' lang='lat'><strong><em>.</em></strong></span> 
     </span>
    </p>

    <p class='ocr_par' dir='ltr' id='par_1_3' title="bbox 277 816 1669 2388">
     <span class='ocr_line' id='line_1_10' title="bbox 347 816 1662 885; baseline 0.004 -21"><span class='ocrx_word' id='word_1_61' title='bbox 347 832 392 883; x_wconf 82' lang='lat'>3.</span> <span class='ocrx_word' id='word_1_62' title='bbox 427 818 596 883; x_wconf 83' lang='lat' dir='ltr'>Qare</span> <span class='ocrx_word' id='word_1_63' title='bbox 632 817 986 877; x_wconf 78' lang='lat' dir='ltr'>fornicatores,</span> <span class='ocrx_word' id='word_1_64' title='bbox 1022 829 1200 880; x_wconf 80' lang='lat' dir='ltr'>utpote</span> <span class='ocrx_word' id='word_1_65' title='bbox 1239 816 1459 879; x_wconf 81' lang='lat' dir='ltr'>Divino,</span> <span class='ocrx_word' id='word_1_66' title='bbox 1495 820 1523 868; x_wconf 72' lang='grc' dir='ltr'>ὲ</span> <span class='ocrx_word' id='word_1_67' title='bbox 1559 836 1662 885; x_wconf 88' lang='lat' dir='ltr'>quo</span> 
     </span>
     <span class='ocr_line' id='line_1_11' title="bbox 277 882 1661 950; baseline 0.007 -23"><span class='ocrx_word' id='word_1_68' title='bbox 277 895 391 931; x_wconf 80' lang='lat' dir='ltr'>sunt</span> <span class='ocrx_word' id='word_1_69' title='bbox 443 885 664 945; x_wconf 81' lang='lat' dir='ltr'>conditi,</span> <span class='ocrx_word' id='word_1_70' title='bbox 719 882 925 934; x_wconf 81' lang='lat' dir='ltr'><strong>rebelles</strong></span> <span class='ocrx_word' id='word_1_71' title='bbox 985 884 1212 943; x_wconf 81' lang='lat' dir='ltr'>Numini,</span> <span class='ocrx_word' id='word_1_72' title='bbox 1269 900 1511 950; x_wconf 79' lang='lat' dir='ltr'>congruas</span> <span class='ocrx_word' id='word_1_73' title='bbox 1564 902 1661 936; x_wconf 85' lang='lat' dir='ltr'>suae</span> 
     </span>
     <span class='ocr_line' id='line_1_12' title="bbox 282 948 1663 1017; baseline 0.005 -22"><span class='ocrx_word' id='word_1_74' title='bbox 282 948 517 1013; x_wconf 83' lang='lat' dir='ltr'>nequitiae</span> <span class='ocrx_word' id='word_1_75' title='bbox 556 966 730 1014; x_wconf 86' lang='lat' dir='ltr'>poenas</span> <span class='ocrx_word' id='word_1_76' title='bbox 766 963 1066 1014; x_wconf 84' lang='lat' dir='ltr'><strong>expectent.</strong></span> <span class='ocrx_word' id='word_1_77' title='bbox 1102 953 1392 1017; x_wconf 81' lang='lat' dir='ltr'>Agnoscam:</span> <span class='ocrx_word' id='word_1_78' title='bbox 1409 952 1521 999; x_wconf 88' lang='lat' dir='ltr'>hinc</span> <span class='ocrx_word' id='word_1_79' title='bbox 1541 967 1663 1016; x_wconf 89' lang='lat' dir='ltr'>quo-</span> 
     </span>
     <span class='ocr_line' id='line_1_13' title="bbox 279 1017 1662 1083; baseline 0.006 -22"><span class='ocrx_word' id='word_1_80' title='bbox 279 1031 373 1078; x_wconf 86' lang='lat' dir='ltr'>que</span> <span class='ocrx_word' id='word_1_81' title='bbox 429 1031 508 1079; x_wconf 81' lang='lat' dir='ltr'>qui</span> <span class='ocrx_word' id='word_1_82' title='bbox 565 1017 782 1083; x_wconf 82' lang='lat' dir='ltr'>Pagodes</span> <span class='ocrx_word' id='word_1_83' title='bbox 833 1018 1074 1078; x_wconf 76' lang='lat' dir='ltr'>adorant,</span> <span class='ocrx_word' id='word_1_84' title='bbox 1131 1029 1320 1081; x_wconf 84' lang='lat' dir='ltr'>quanto</span> <span class='ocrx_word' id='word_1_85' title='bbox 1373 1032 1423 1065; x_wconf 86' lang='lat' dir='ltr'>se</span> <span class='ocrx_word' id='word_1_86' title='bbox 1476 1017 1662 1069; x_wconf 83' lang='lat' dir='ltr'>scelere</span> 
     </span>
     <span class='ocr_line' id='line_1_14' title="bbox 280 1056 1662 1143; baseline 0.006 -16"><span class='ocrx_word' id='word_1_87' title='bbox 280 1056 665 1143; x_wconf 78' lang='lat' dir='ltr'>contaminent&gt;</span> <span class='ocrx_word' id='word_1_88' title='bbox 712 1084 825 1131; x_wconf 86' lang='lat' dir='ltr'>dum</span> <span class='ocrx_word' id='word_1_89' title='bbox 874 1087 988 1133; x_wconf 89' lang='lat' dir='ltr'>Deo</span> <span class='ocrx_word' id='word_1_90' title='bbox 1043 1099 1142 1131; x_wconf 89' lang='lat' dir='ltr'>uno</span> <span class='ocrx_word' id='word_1_91' title='bbox 1199 1099 1319 1133; x_wconf 87' lang='lat' dir='ltr'>vero</span> <span class='ocrx_word' id='word_1_92' title='bbox 1365 1096 1662 1135; x_wconf 87' lang='lat' dir='ltr'>cunctorum</span> 
     </span>
     <span class='ocr_line' id='line_1_15' title="bbox 279 1147 1664 1212; baseline 0.004 -18"><span class='ocrx_word' id='word_1_93' title='bbox 279 1147 560 1198; x_wconf 88' lang='lat' dir='ltr'>Conditore</span> <span class='ocrx_word' id='word_1_94' title='bbox 594 1148 770 1198; x_wconf 88' lang='lat' dir='ltr'>relicto</span> <span class='ocrx_word' id='word_1_95' title='bbox 809 1166 867 1198; x_wconf 90' lang='lat' dir='ltr'>ac</span> <span class='ocrx_word' id='word_1_96' title='bbox 907 1162 1106 1212; x_wconf 77' lang='lat' dir='ltr'>spret0‚</span> <span class='ocrx_word' id='word_1_97' title='bbox 1144 1162 1278 1198; x_wconf 85' lang='lat' dir='ltr'>muta</span> <span class='ocrx_word' id='word_1_98' title='bbox 1326 1149 1580 1198; x_wconf 87' lang='lat' dir='ltr'>simulacra</span> <span class='ocrx_word' id='word_1_99' title='bbox 1604 1152 1664 1205; x_wconf 66' lang='grc' dir='ltr'>δε</span> 
     </span>
     <span class='ocr_line' id='line_1_16' title="bbox 281 1211 1666 1282; baseline 0.006 -24"><span class='ocrx_word' id='word_1_100' title='bbox 281 1211 442 1263; x_wconf 80' lang='lat' dir='ltr'>larvas</span> <span class='ocrx_word' id='word_1_101' title='bbox 480 1215 701 1282; x_wconf 79' lang='lat' dir='ltr'>stygias,</span> <span class='ocrx_word' id='word_1_102' title='bbox 739 1216 1006 1278; x_wconf 84' lang='lat' dir='ltr'>phanatico</span> <span class='ocrx_word' id='word_1_103' title='bbox 1044 1231 1208 1264; x_wconf 43' lang='lat' dir='ltr'>erwrore</span> <span class='ocrx_word' id='word_1_104' title='bbox 1244 1230 1566 1276; x_wconf 84' lang='lat' dir='ltr'>venerantur,</span> <span class='ocrx_word' id='word_1_105' title='bbox 1605 1234 1666 1267; x_wconf 85' lang='lat' dir='ltr'>ac</span> 
     </span>
     <span class='ocr_line' id='line_1_17' title="bbox 279 1281 1667 1358; baseline 0.004 -32"><span class='ocrx_word' id='word_1_106' title='bbox 279 1294 392 1328; x_wconf 90' lang='lat' dir='ltr'>cum</span> <span class='ocrx_word' id='word_1_107' title='bbox 429 1295 567 1330; x_wconf 85' lang='lat' dir='ltr'>recta</span> <span class='ocrx_word' id='word_1_108' title='bbox 603 1281 734 1329; x_wconf 86' lang='lat' dir='ltr'>ratio</span> <span class='ocrx_word' id='word_1_109' title='bbox 772 1282 899 1331; x_wconf 71' lang='lat' dir='ltr'>clare</span> <span class='ocrx_word' id='word_1_110' title='bbox 937 1293 1206 1341; x_wconf 78' lang='lat' dir='ltr'>monstret,</span> <span class='ocrx_word' id='word_1_111' title='bbox 1243 1281 1459 1331; x_wconf 81' lang='lat' dir='ltr'>indidem</span> <span class='ocrx_word' id='word_1_112' title='bbox 1488 1295 1667 1358; x_wconf 84' lang='lat' dir='ltr'>peten-</span> 
     </span>
     <span class='ocr_line' id='line_1_18' title="bbox 282 1345 1664 1413; baseline 0.005 -21"><span class='ocrx_word' id='word_1_113' title='bbox 282 1345 394 1392; x_wconf 64' lang='lat' dir='ltr'>dim</span> <span class='ocrx_word' id='word_1_114' title='bbox 434 1346 545 1395; x_wconf 67' lang='lat' dir='ltr'>vitze</span> <span class='ocrx_word' id='word_1_115' title='bbox 582 1347 997 1413; x_wconf 79' lang='lat' dir='ltr'>gubernationem</span> <span class='ocrx_word' id='word_1_116' title='bbox 1054 1347 1181 1395; x_wconf 88' lang='lat' dir='ltr'>unde</span> <span class='ocrx_word' id='word_1_117' title='bbox 1235 1347 1432 1397; x_wconf 84' lang='lat' dir='ltr'>vivendi</span> <span class='ocrx_word' id='word_1_118' title='bbox 1482 1349 1664 1413; x_wconf 75' lang='lat' dir='ltr'>prInci-</span> 
     </span>
     <span class='ocr_line' id='line_1_19' title="bbox 284 1411 1666 1484; baseline 0.006 -27"><span class='ocrx_word' id='word_1_119' title='bbox 284 1411 417 1484; x_wconf 81' lang='lat' dir='ltr'>pium</span> <span class='ocrx_word' id='word_1_120' title='bbox 455 1413 560 1459; x_wconf 87' lang='lat' dir='ltr'>duc</span> <span class='ocrx_word' id='word_1_121' title='bbox 571 1429 704 1470; x_wconf 87' lang='lat' dir='ltr'>mus</span> <span class='ocrx_word' id='word_1_122' title='bbox 743 1413 819 1462; x_wconf 86' lang='lat' dir='ltr'>isti</span> <span class='ocrx_word' id='word_1_123' title='bbox 857 1413 1248 1478; x_wconf 81' lang='lat' dir='ltr'>persacrilegum</span> <span class='ocrx_word' id='word_1_124' title='bbox 1276 1412 1666 1476; x_wconf 76' lang='lat' dir='ltr'>furorem,prae-</span> 
     </span>
     <span class='ocr_line' id='line_1_20' title="bbox 281 1452 1669 1544; baseline 0.005 -21"><span class='ocrx_word' id='word_1_125' title='bbox 281 1477 437 1542; x_wconf 80' lang='lat' dir='ltr'>stigiis</span> <span class='ocrx_word' id='word_1_126' title='bbox 473 1479 530 1529; x_wconf 68' lang='grc' dir='ltr'>δε</span> <span class='ocrx_word' id='word_1_127' title='bbox 567 1478 798 1538; x_wconf 59' lang='lat' dir='ltr'>sortibus,</span> <span class='ocrx_word' id='word_1_128' title='bbox 854 1495 1091 1544; x_wconf 66' lang='lat' dir='ltr'>xanaeque</span> <span class='ocrx_word' id='word_1_129' title='bbox 1133 1452 1408 1529; x_wconf 84' lang='lat' dir='ltr'>ariolorum</span> <span class='ocrx_word' id='word_1_130' title='bbox 1480 1481 1669 1530; x_wconf 84' lang='lat' dir='ltr'>divina-</span> 
     </span>
     <span class='ocr_line' id='line_1_21' title="bbox 282 1516 1668 1608; baseline 0.004 -17"><span class='ocrx_word' id='word_1_131' title='bbox 282 1516 409 1591; x_wconf 90' lang='lat' dir='ltr'>tioni</span> <span class='ocrx_word' id='word_1_132' title='bbox 444 1559 548 1606; x_wconf 82' lang='lat' dir='ltr'>spes</span> <span class='ocrx_word' id='word_1_133' title='bbox 587 1545 901 1608; x_wconf 80' lang='lat' dir='ltr'>rationesque</span> <span class='ocrx_word' id='word_1_134' title='bbox 938 1543 1263 1593; x_wconf 83' lang='lat' dir='ltr'>committunt</span> <span class='ocrx_word' id='word_1_135' title='bbox 1318 1562 1457 1594; x_wconf 87' lang='lat' dir='ltr'>suas:</span> <span class='ocrx_word' id='word_1_136' title='bbox 1495 1547 1668 1597; x_wconf 81' lang='lat' dir='ltr'>salutis</span> 
     </span>
     <span class='ocr_line' id='line_1_22' title="bbox 285 1608 1666 1673; baseline 0.007 -19"><span class='ocrx_word' id='word_1_137' title='bbox 285 1608 497 1671; x_wconf 84' lang='lat' dir='ltr'>ipsorum</span> <span class='ocrx_word' id='word_1_138' title='bbox 547 1610 675 1658; x_wconf 85' lang='lat' dir='ltr'>hosti</span> <span class='ocrx_word' id='word_1_139' title='bbox 729 1611 1029 1673; x_wconf 71' lang='lat' dir='ltr'>1m21acabili</span> <span class='ocrx_word' id='word_1_140' title='bbox 1084 1610 1308 1659; x_wconf 83' lang='lat' dir='ltr'>Diabolo</span> <span class='ocrx_word' id='word_1_141' title='bbox 1363 1628 1473 1660; x_wconf 88' lang='lat' dir='ltr'>eam</span> <span class='ocrx_word' id='word_1_142' title='bbox 1518 1613 1666 1663; x_wconf 80' lang='lat' dir='ltr'>fidem</span> 
     </span>
     <span class='ocr_line' id='line_1_23' title="bbox 284 1674 1665 1741; baseline 0.006 -20"><span class='ocrx_word' id='word_1_143' title='bbox 284 1674 714 1741; x_wconf 78' lang='lat' dir='ltr'>reverentiamque</span> <span class='ocrx_word' id='word_1_144' title='bbox 770 1675 1086 1735; x_wconf 78' lang='lat' dir='ltr'>deferentes,</span> <span class='ocrx_word' id='word_1_145' title='bbox 1142 1691 1288 1740; x_wconf 85' lang='lat' dir='ltr'>quam</span> <span class='ocrx_word' id='word_1_146' title='bbox 1346 1681 1462 1728; x_wconf 91' lang='lat' dir='ltr'>Deo</span> <span class='ocrx_word' id='word_1_147' title='bbox 1518 1680 1665 1729; x_wconf 85' lang='lat' dir='ltr'>debe·</span> 
     </span>
     <span class='ocr_line' id='line_1_24' title="bbox 285 1741 1665 1809; baseline 0.005 -22"><span class='ocrx_word' id='word_1_148' title='bbox 285 1741 407 1789; x_wconf 83' lang='lat' dir='ltr'>bant</span> <span class='ocrx_word' id='word_1_149' title='bbox 440 1743 604 1790; x_wconf 85' lang='lat' dir='ltr'>autori</span> <span class='ocrx_word' id='word_1_150' title='bbox 641 1744 880 1791; x_wconf 83' lang='lat' dir='ltr'>bonorum</span> <span class='ocrx_word' id='word_1_151' title='bbox 935 1742 1181 1799; x_wconf 83' lang='lat' dir='ltr'>omnium,</span> <span class='ocrx_word' id='word_1_152' title='bbox 1219 1746 1246 1792; x_wconf 74' lang='lat' dir='ltr'>a</span> <span class='ocrx_word' id='word_1_153' title='bbox 1283 1760 1385 1809; x_wconf 88' lang='lat' dir='ltr'>quo</span> <span class='ocrx_word' id='word_1_154' title='bbox 1419 1746 1665 1807; x_wconf 86' lang='lat' dir='ltr'>animam,</span> 
     </span>
     <span class='ocr_line' id='line_1_25' title="bbox 284 1809 1666 1883; baseline 0.005 -28"><span class='ocrx_word' id='word_1_155' title='bbox 284 1823 492 1870; x_wconf 81' lang='lat' dir='ltr'>corpus,</span> <span class='ocrx_word' id='word_1_156' title='bbox 546 1809 780 1883; x_wconf 38' lang='lat' dir='ltr'>quid-quid</span> <span class='ocrx_word' id='word_1_157' title='bbox 827 1822 970 1867; x_wconf 76' lang='lat' dir='ltr'>sunt,</span> <span class='ocrx_word' id='word_1_158' title='bbox 1025 1822 1260 1872; x_wconf 74' lang='lat' dir='ltr'>possunt,</span> <span class='ocrx_word' id='word_1_159' title='bbox 1314 1811 1666 1874; x_wconf 82' lang='lat' dir='ltr'>possidentve,</span> 
     </span>
     <span class='ocr_line' id='line_1_26' title="bbox 287 1875 1665 1956; baseline 0.004 -35"><span class='ocrx_word' id='word_1_160' title='bbox 287 1887 619 1937; x_wconf 28' lang='lat' dir='ltr'>accepewunt</span> <span class='ocrx_word' id='word_1_161' title='bbox 657 1876 918 1956; x_wconf 83' lang='lat' dir='ltr'>impietate</span> <span class='ocrx_word' id='word_1_162' title='bbox 958 1892 1057 1924; x_wconf 89' lang='lat' dir='ltr'>non</span> <span class='ocrx_word' id='word_1_163' title='bbox 1096 1875 1244 1941; x_wconf 82' lang='lat' dir='ltr'>magis</span> <span class='ocrx_word' id='word_1_164' title='bbox 1281 1876 1346 1924; x_wconf 90' lang='lat' dir='ltr'>in</span> <span class='ocrx_word' id='word_1_165' title='bbox 1366 1893 1416 1926; x_wconf 90' lang='lat' dir='ltr'>se</span> <span class='ocrx_word' id='word_1_166' title='bbox 1452 1875 1585 1928; x_wconf 87' lang='lat' dir='ltr'>foeda</span> <span class='ocrx_word' id='word_1_167' title='bbox 1605 1894 1665 1927; x_wconf 87' lang='lat' dir='ltr'>ac</span> 
     </span>
     <span class='ocr_line' id='line_1_27' title="bbox 285 1939 1664 2032; baseline 0.005 -46"><span class='ocrx_word' id='word_1_168' title='bbox 285 1939 598 2032; x_wconf 79' lang='lat' dir='ltr'>detestabili,</span> <span class='ocrx_word' id='word_1_169' title='bbox 656 1944 800 2006; x_wconf 63' lang='lat' dir='ltr'>quam</span> <span class='ocrx_word' id='word_1_170' title='bbox 855 1940 1035 1990; x_wconf 84' lang='lat' dir='ltr'>miseris</span> <span class='ocrx_word' id='word_1_171' title='bbox 1088 1957 1197 1989; x_wconf 84' lang='lat' dir='ltr'>cam</span> <span class='ocrx_word' id='word_1_172' title='bbox 1251 1943 1664 1993; x_wconf 76' lang='lat' dir='ltr'>consciscentibus</span> 
     </span>
     <span class='ocr_line' id='line_1_28' title="bbox 286 2005 1664 2071; baseline 0.004 -17"><span class='ocrx_word' id='word_1_173' title='bbox 286 2005 504 2054; x_wconf 77' lang='lat' dir='ltr'>exitiali:</span> <span class='ocrx_word' id='word_1_174' title='bbox 545 2006 721 2070; x_wconf 84' lang='lat' dir='ltr'>quippe</span> <span class='ocrx_word' id='word_1_175' title='bbox 759 2025 878 2071; x_wconf 90' lang='lat' dir='ltr'>quos</span> <span class='ocrx_word' id='word_1_176' title='bbox 917 2023 976 2056; x_wconf 88' lang='lat' dir='ltr'>ea</span> <span class='ocrx_word' id='word_1_177' title='bbox 1013 2023 1194 2057; x_wconf 86' lang='lat' dir='ltr'>vesana</span> <span class='ocrx_word' id='word_1_178' title='bbox 1230 2009 1509 2071; x_wconf 73' lang='lat' dir='ltr'>superstitio</span> <span class='ocrx_word' id='word_1_179' title='bbox 1545 2011 1664 2059; x_wconf 90' lang='lat' dir='ltr'>Coe-</span> 
     </span>
     <span class='ocr_line' id='line_1_29' title="bbox 284 2072 1665 2137; baseline 0.002 -17"><span class='ocrx_word' id='word_1_180' title='bbox 284 2073 339 2120; x_wconf 79' lang='lat' dir='ltr'>lis</span> <span class='ocrx_word' id='word_1_181' title='bbox 377 2072 644 2123; x_wconf 85' lang='lat' dir='ltr'>excludat</span> <span class='ocrx_word' id='word_1_182' title='bbox 684 2074 764 2122; x_wconf 87' lang='lat' dir='ltr'>ubi</span> <span class='ocrx_word' id='word_1_183' title='bbox 799 2087 1023 2137; x_wconf 85' lang='lat' dir='ltr'>paratum</span> <span class='ocrx_word' id='word_1_184' title='bbox 1061 2073 1313 2123; x_wconf 83' lang='lat' dir='ltr'>animabus</span> <span class='ocrx_word' id='word_1_185' title='bbox 1365 2077 1463 2124; x_wconf 91' lang='lat' dir='ltr'>Dei</span> <span class='ocrx_word' id='word_1_186' title='bbox 1498 2075 1665 2125; x_wconf 89' lang='lat' dir='ltr'>cultri-</span> 
     </span>
     <span class='ocr_line' id='line_1_30' title="bbox 282 2138 1660 2202; baseline 0.004 -16"><span class='ocrx_word' id='word_1_187' title='bbox 282 2138 420 2186; x_wconf 86' lang='lat' dir='ltr'>cibus</span> <span class='ocrx_word' id='word_1_188' title='bbox 474 2138 794 2188; x_wconf 85' lang='lat' dir='ltr'>diversorium</span> <span class='ocrx_word' id='word_1_189' title='bbox 842 2152 1034 2189; x_wconf 80' lang='lat' dir='ltr'>aeternae</span> <span class='ocrx_word' id='word_1_190' title='bbox 1086 2140 1492 2190; x_wconf 82' lang='lat' dir='ltr'>commorationis</span> <span class='ocrx_word' id='word_1_191' title='bbox 1557 2155 1660 2202; x_wconf 91' lang='lat' dir='ltr'>est,</span> 
     </span>
     <span class='ocr_line' id='line_1_31' title="bbox 285 2204 1666 2270; baseline 0.001 -18"><span class='ocrx_word' id='word_1_192' title='bbox 285 2206 421 2253; x_wconf 86' lang='lat' dir='ltr'>omni</span> <span class='ocrx_word' id='word_1_193' title='bbox 456 2204 639 2270; x_wconf 78' lang='lat' dir='ltr'>gaudio</span> <span class='ocrx_word' id='word_1_194' title='bbox 676 2204 915 2267; x_wconf 80' lang='lat' dir='ltr'>affluens3</span> <span class='ocrx_word' id='word_1_195' title='bbox 954 2206 1099 2256; x_wconf 86' lang='lat' dir='ltr'>beata</span> <span class='ocrx_word' id='word_1_196' title='bbox 1146 2208 1282 2256; x_wconf 88' lang='lat' dir='ltr'>sedes</span> <span class='ocrx_word' id='word_1_197' title='bbox 1330 2205 1454 2254; x_wconf 82' lang='lat' dir='ltr'>illius</span> <span class='ocrx_word' id='word_1_198' title='bbox 1508 2204 1666 2256; x_wconf 88' lang='lat' dir='ltr'>felici-</span> 
     </span>
     <span class='ocr_line' id='line_1_32' title="bbox 286 2272 1667 2333; baseline 0.003 -14"><span class='ocrx_word' id='word_1_199' title='bbox 286 2272 435 2329; x_wconf 82' lang='lat' dir='ltr'>tatis,</span> <span class='ocrx_word' id='word_1_200' title='bbox 473 2272 717 2333; x_wconf 82' lang='lat' dir='ltr'>adquam</span> <span class='ocrx_word' id='word_1_201' title='bbox 771 2275 981 2323; x_wconf 85' lang='lat' dir='ltr'>Creator</span> <span class='ocrx_word' id='word_1_202' title='bbox 1028 2276 1209 2323; x_wconf 72' lang='lat' dir='ltr'>summe</span> <span class='ocrx_word' id='word_1_203' title='bbox 1261 2272 1505 2323; x_wconf 85' lang='lat' dir='ltr'>beneficus</span> <span class='ocrx_word' id='word_1_204' title='bbox 1577 2274 1667 2323; x_wconf 91' lang='lat' dir='ltr'>ho-</span> 
     </span>
     <span class='ocr_line' id='line_1_33' title="bbox 287 2336 730 2388; baseline 0.002 -3"><span class='ocrx_word' id='word_1_205' title='bbox 287 2337 438 2386; x_wconf 85' lang='lat' dir='ltr'>mines</span> <span class='ocrx_word' id='word_1_206' title='bbox 473 2336 730 2388; x_wconf 82' lang='lat' dir='ltr'>condidit.</span> 
     </span>
    </p>

    <p class='ocr_par' dir='ltr' id='par_1_4' title="bbox 1352 2405 1596 2470">
     <span class='ocr_line' id='line_1_34' title="bbox 1352 2405 1596 2470; baseline -0.012 -15"><span class='ocrx_word' id='word_1_207' title='bbox 1352 2421 1402 2468; x_wconf 77' lang='lat'>4.</span> <span class='ocrx_word' id='word_1_208' title='bbox 1427 2405 1596 2470; x_wconf 84' lang='lat' dir='ltr'>Qan-</span> 
     </span>
    </p>
   </div>
  </div>
 </body>
</html>
