1781 2889
397 238 489 291 132
626 223 676 270 S.
710 220 1080 272 FRANCISCI
1118 223 1422 272 XAVERII'

329 321 489 372 etiam
524 319 692 368 auxilii
727 318 917 385 gratia,
972 318 1159 382 prolixe
1211 318 1424 368 offerens
1477 320 1710 387 quidquid

371 400 502 436 osset
585 387 661 437 Ad
698 387 826 434 hunc
876 390 994 451 ergo
1049 401 1159 434 cum
1197 386 1519 449 scripsissem,
1570 403 1624 437 ut
1674 405 1710 438 Sl

330 405 638 519 {adegatum
676 450 945 500 effraenium
993 452 1245 500 hominum
1284 453 1503 516 impediri
1557 455 1709 521 Regis

332 521 607 568 autoritate
658 517 923 566 latrocinia
978 518 1269 582 nequiient,
1335 521 1476 568 daret
1529 496 1705 570 saltem

334 601 563 648 operam,
601 596 656 633 ut
670 599 788 657 ego
825 584 1145 633 admonerer
1146 600 1193 630 in
1232 597 1456 649 tempore
1494 586 1554 635 de
1591 603 1708 636 mox

327 651 499 701 futura
536 667 621 714 per
670 650 797 714 ipsos
846 653 960 700 Orae
1008 649 1315 712 direptione,
1370 657 1470 716 quo
1517 656 1708 704 mature

324 735 589 792 curarem,
641 730 697 766 ut
734 717 1002 766 Christiani
1050 717 1297 764 subductis
1335 717 1382 764 in
1418 719 1573 766 altum
1622 719 1710 767 im-

328 785 483 851 positi
521 780 759 843 navibuS,
810 781 1050 832 terrestris
1100 783 1392 831 vastationis
1440 785 1594 834 caedes
1649 801 1708 833 ac

325 851 657 916 spoliationes
712 847 828 914 fuga
881 862 1269 915 praeverterent.
1320 849 1376 899 Id
1428 851 1578 901 modo
1627 851 1709 901 ille

326 935 442 968 cum
480 918 575 968 fide
612 916 867 980 praestitit.

332 1043 335 1046 .
401 1003 441 1053 3
481 984 609 1034 Dedi
664 985 815 1033 etiam
867 983 930 1031 ad
967 982 1257 1033 Praefectum
1311 982 1504 1045 literaS,
1560 999 1707 1032 orans

330 1063 386 1100 ut
421 1051 585 1118 navigi
594 1066 673 1099 um
712 1049 893 1110 majus,
931 1051 1062 1114 quod
1098 1061 1282 1099 vocant
1321 1053 1589 1110 Carmena,
1627 1065 1700 1099 ar-

322 1132 515 1167 matum
541 1099 1035 1180 praesiclionaviculis
1072 1117 1272 1166 istorum
1295 1117 1558 1165 inermibus
1595 1117 1707 1164 mit-

324 1197 493 1234 teret.
531 1187 602 1234 Tu
642 1185 792 1233 etiam
828 1197 982 1248 atque
1019 1184 1169 1232 etiam
1206 1183 1510 1249 ingeminans
1547 1183 1703 1243 injun-

324 1267 390 1316 ge
437 1253 550 1300 Ora:
588 1250 785 1309 incolis,
833 1250 1098 1313 praesertim
1136 1249 1485 1298 remotioribus
1521 1253 1549 1298 a
1604 1265 1704 1297 ma-

327 1333 390 1390 ri,
428 1330 483 1365 ut
531 1317 866 1380 speculatores
903 1315 1025 1364 fidos
1079 1319 1135 1368 ὃῑ
1174 1316 1343 1382 vigiles
1391 1315 1580 1365 iloneis
1631 1315 1705 1363 lo·

325 1382 396 1431 cis
432 1396 687 1443 statuant,
738 1399 816 1448 qni
854 1381 1114 1445 explorata
1153 1382 1199 1430 in
1240 1386 1381 1431 noras
1437 1381 1703 1440 nuncient,

326 1465 391 1498 ne
446 1467 542 1515 qua
604 1449 846 1498 nocturna
899 1449 1149 1513 equitatus
1206 1448 1486 1497 incursione
1541 1446 1706 1510 oppri-

324 1530 550 1573 mantur,
591 1529 861 1580 antequam
910 1514 1246 1564 conscendere
1284 1528 1480 1578 paratas
1517 1529 1703 1573 naveS‚

321 1584 385 1634 &
421 1583 552 1631 terra
591 1599 638 1630 ιιι
677 1595 839 1631 tutum
878 1595 1062 1645 queant
1100 1581 1274 1629 evehi.
1323 1581 1417 1629 Sed
1455 1596 1565 1628 cum
1603 1581 1706 1629 haec

320 1647 677 1698 instantissime
725 1648 1180 1708 commendaveris,
1229 1651 1398 1712 parum
1435 1645 1543 1709 ipsis
1581 1646 1700 1695 fidas

318 1731 538 1765 censeo.
594 1715 731 1764 Novi
783 1731 877 1782 ego
933 1715 1211 1764 socorliam
1266 1715 1323 1766 ὃς
1375 1712 1702 1762 tenacitatem

322 1780 689 1848 ignavissimam
743 1757 981 1842 istorum,
1047 1797 1169 1846 quos
1223 1780 1429 1828 duorum
1495 1777 1701 1828 fanoum

319 1861 568 1912 sumptum
607 1865 654 1896 in
706 1860 809 1897 tam
846 1850 1145 1897 necessarios
1202 1847 1376 1913 vigiles
1415 1845 1583 1895 facere
1629 1844 1701 1908 pi-

319 1928 472 1982 geat.
521 1916 594 1963 Tu
633 1914 732 1979 ipse
770 1931 856 1979 per
907 1928 958 1964 te
995 1931 1054 1963 ae
1103 1913 1191 1964 tibi
1232 1914 1354 1964 fidos
1409 1911 1584 1985 vigila,
1641 1911 1699 1963 &

321 1998 470 2043 cura3
509 1978 604 2040 iam
656 1998 788 2030 nunc
825 1981 1048 2031 deductis
1087 1982 1133 2029 in
1172 1996 1307 2029 mare
1358 1978 1546 2042 cymbis
1597 1992 1699 2024 mu-

318 2021 470 2097 lieres'
503 2048 561 2099 &
614 2048 844 2121 parvulos
881 2047 1069 2112 imponi
1106 2063 1315 2112 urgens3
1362 2044 1512 2096 uteris
1548 2043 1699 2091 etiam

318 2113 588 2164 occasione
642 2113 792 2164 tristis
848 2113 1084 2176 temporis
1121 2116 1181 2163 ad
1237 2116 1384 2162 tanto
1438 2109 1702 2158 instantius

318 2181 653 2248 exigendum,
692 2182 903 2231 maxime
938 2182 1000 2229 ab
1038 2179 1225 2230 imbelli
1276 2193 1389 2227 sexu
1429 2177 1486 2228 δε
1523 2189 1694 2237 aetate‚

314 2261 373 2296 ut
409 2249 472 2296 ad
526 2250 689 2298 Deum
728 2248 994 2297 recitandis
1033 2246 1355 2298 Orationibus
1409 2255 1700 2291 r··.ecu11ant

319 2316 564 2381 Magister
618 2314 795 2365 orandi
846 2315 1059 2379 optimus
1113 2326 1270 2361 metus
1306 2321 1406 2359 est:
1458 2308 1700 2371 praecipue

317 2398 457 2443 cum,
509 2393 562 2429 ut
600 2381 702 2430 istis
741 2398 900 2442 nunc,
955 2397 1054 2432 non
1092 2379 1292 2430 aliunde
1329 2378 1475 2444 quam
1512 2378 1539 2425 a
1580 2377 1698 2426 Deo

317 2463 426 2514 spes
463 2446 634 2497 auxilii
673 2447 914 2517 affulget.
1454 2460 1502 2510 4
1525 2444 1628 2492 De-
