1781 2889
220 187 848 241 EPISTOLARUM.L1‘I7.
868 192 936 239 ΙΙ.
953 191 1036 255 Ep.
1059 190 1231 241 XXII.
1297 205 1385 260 323

90 296 245 335 statos
301 285 608 353 congregatis
644 299 829 348 coetus,
875 287 984 336 viris
1037 285 1232 351 quidem
1281 284 1454 333 Domi»

86 350 228 410 nica,
293 352 572 402 mulieribus
608 369 776 403 autem
814 354 1062 412 Sabbato,
1118 355 1145 400 ἐι
1181 351 1345 400 vocali
1397 354 1454 404 ὅς

87 416 276 464 cunctis
314 417 615 484 intelligibili
666 423 954 484 Anagnoste
989 418 1297 482 perlegatur:
1349 417 1453 462 ubi-

87 497 297 553 cumque
335 496 502 531 autem
526 483 740 532 vestrum
777 485 950 549 aliquis
987 486 1114 532 hisce
1152 483 1314 530 diebus
1351 478 1454 528 fue-

81 559 183 606 nt,
231 563 441 611 peractae
493 548 697 597 lectioni
753 551 913 599 vivam
951 564 1125 598 vocem
1183 546 1452 610 adjungat5

84 615 384 674 exponendo
423 613 671 663 dilucidius
709 616 763 666 &
803 617 1097 673 distinctius,
1153 630 1256 678 quae
1292 614 1448 659 minus

85 676 216 726 clare
266 683 295 728 a
348 679 639 729 tardioribus
692 696 922 746 percepta
983 679 1136 729 videri
1186 689 1451 742 poterunt.

86 743 478 807 Eleemosynas,
517 745 821 807 oblationes,
867 752 895 798 a
931 747 1020 794 reis
1076 758 1302 791 votorum
1339 754 1454 806 post

84 808 299 872 pericula
336 811 495 859 vitata
549 812 851 872 morborum,
904 825 988 859 aut
1035 809 1318 858 infestorum
1372 823 1451 854 ca-

83 889 253 935 suum,
291 875 337 922 in
376 875 506 935 istis,
545 892 602 924 ex
641 893 803 936 more,
859 878 1064 926 coetibus
1119 876 1329 924 virorum
1368 887 1454 925 auc

85 940 341 988 mulierum
393 941 664 993 collatione
717 943 885 991 solitas
935 941 1164 1006 congeri,
1222 939 1450 988 curabitis

83 1006 331 1054 universas
370 1007 536 1071 egenis
574 1009 828 1057 distribui:
868 1023 1026 1070 neque
1064 1006 1211 1053 ullam
1253 1005 1329 1052 vel
1368 1004 1452 1051 mi·

81 1070 265 1118 nimam
304 1072 593 1135 particulam
628 1072 820 1122 illarum
856 1073 905 1120 in
944 1086 1130 1121 vestros
1169 1086 1276 1118 usus
1314 1071 1454 1119 absu-

83 1138 312 1184 mendam
351 1138 622 1186 admittetis
645 1174 657 1186 .

145 1205 193 1252 6.
231 1203 438 1266 Singulis
496 1202 767 1251 Dominicis
812 1203 859 1250 in
911 1214 1045 1250 coetu
1106 1201 1344 1258 virorum,
1397 1199 1454 1252 &

79 1266 277 1332 singulis
315 1267 540 1316 Sabbatis
590 1270 638 1315 in
673 1280 921 1318 conventu
961 1266 1268 1314 foeminarum
1322 1264 1453 1313 clare

80 1331 380 1398 promulgari
418 1345 678 1393 curatote,
716 1346 770 1382 ut
806 1350 915 1381 cum
954 1332 1156 1393 primum
1211 1332 1257 1377 in
1295 1330 1450 1377 domi-

81 1400 169 1447 bus
206 1414 372 1446 eorum
412 1399 649 1463 quispiam
686 1397 916 1462 cujusque
968 1397 1107 1444 sortis
1147 1397 1194 1443 in
1231 1396 1452 1443 morbum

82 1463 338 1521 inciderit,
390 1478 626 1512 moneant
682 1480 767 1514 vos
805 1461 1100 1520 confestim,
1159 1474 1211 1510 ut
1264 1477 1451 1508 succur-

81 1544 185 1579 rere
224 1532 445 1587 mature,
499 1545 554 1576 ac
592 1546 696 1591 quae
734 1528 820 1577 tali
857 1543 1080 1586 tempore
1137 1526 1450 1588 procurandis

82 1593 338 1642 animabus
385 1606 497 1641 sunt
544 1594 846 1652 necessaria,
903 1593 1238 1639 a.=.1n{nistrai·e
1288 1591 1448 1641 valea·

81 1659 176 1709 tis:
216 1659 514 1708 denunciare
552 1671 713 1707 autem
754 1657 956 1706 omnino
993 1654 1129 1715 fore,
1167 1669 1220 1703 ut
1256 1657 1290 1702 si
1328 1655 1449 1720 quis-

83 1741 232 1789 quam
272 1724 378 1772 huic
431 1721 596 1771 officio
649 1722 886 1779 defuerit,
940 1721 1102 1784 sicque
1156 1722 1450 1783 propinquus

86 1787 187 1846 eius
225 1804 312 1838 aut
364 1789 655 1838 domesticus
693 1790 793 1837 sine
847 1790 1268 1836 Sacramentorum
1317 1802 1449 1834 com-

85 1866 250 1904 meatu
304 1854 475 1903 ultimi)
514 1855 773 1902 decesserit
826 1854 1194 1914 haudquaquam
1252 1850 1450 1915 permit-

86 1920 204 1969 tatis
257 1921 409 1969 talem
465 1932 707 1968 mortuum
761 1919 808 1966 in
861 1918 1088 1967 Ecclesiae
1146 1917 1450 1966 Coeniererio

85 1987 183 2035 ritu
221 2002 360 2034 sacro
397 1986 612 2047 sepeliri.
650 1985 866 2053 Qiando
906 2001 989 2033 vos
1030 1983 1238 2030 infirmos
1278 1983 1450 2034 invise-

84 2051 181 2109 tis,
236 2050 432 2099 recitari
469 2051 529 2097 ab
567 2051 644 2109 iis,
699 2051 734 2097 si
772 2063 1003 2112 possunt,
1052 2062 1137 2095 aut
1174 2048 1232 2095 ab
1283 2045 1451 2109 aliquo

89 2116 436 2179 praesentium,
473 2115 637 2181 lingua
673 2116 882 2177 ipsorum
906 2149 917 2173 ‚
955 2129 1139 2162 sacrum
1163 2113 1450 2174 Symbolum

86 2180 350 2242 iubebitis,
389 2182 736 2246 interrogando
786 2197 960 2243 agrum
1015 2178 1073 2226 ad
1111 2178 1322 2241 singulos
1363 2180 1451 2225 Ar-

89 2245 307 2305 ticulos,
362 2247 532 2309 ecquid
571 2263 672 2309 quae
711 2245 844 2293 audit
880 2246 1049 2294 credat
1084 2243 1345 2295 certissime
1393 2257 1452 2292 ac

85 2309 520 2362 constantissime?
576 2310 661 2359 sub
716 2312 818 2358 baec
869 2308 1184 2374 pronunciari
1233 2309 1295 2357 ab
1347 2307 1458 2370 ipso*

678 2378 727 2426 X
766 2392 795 2425 2
1238 2389 1377 2424 cura·
