1781 2889
368 265 462 316 214
596 248 644 296 s.
680 246 1050 297 FRANcrscr
1086 248 1384 301 XAVERII

297 346 394 418 cti,
431 357 580 408 prout
635 360 743 392 suos
793 343 938 391 Filios
987 344 1139 394 docet
1192 347 1450 408 Ecclesia,
1500 344 1675 396 defun-

298 413 492 478 gimur:
544 411 591 460 Si
629 421 831 458 tamen·
826 410 906 461 ·&
943 425 1113 459 manus
1162 427 1355 463 motum
1401 416 1458 466 ὅζ
1503 429 1679 463 sonum

295 481 472 544 linguae
510 493 732 541 congrua
761 476 958 523 devotae
994 478 1171 526 mentis
1207 480 1490 530 attentione
1528 480 1680 528 comi-

299 559 488 594 tamur.
538 542 799 608 Consigna
836 549 955 608 ergo
1004 543 1170 592 statim
1223 561 1280 594 ac
1327 545 1680 617 expergisceris

296 611 517 659 frontem
555 610 612 660 &
663 623 864 670 pectuS,
889 582 1121 657 e'solemni
1170 608 1308 659 simul
1358 587 1555 675 prolata
1606 627 1680 658 in-

295 675 589 724 vocatione
607 674 889 733 Trinitatis,
927 674 1172 737 profunda
1225 676 1521 728 demissione
1568 677 1680 726 reli-
1724 719 1726 722 ,

294 741 419 808 giosi
456 742 637 800 animi,
694 743 917 799 Patrem,
955 742 1152 802 Filium,
1191 743 1519 805 &Spiritum
1558 747 1679 792 San-

291 824 460 869 ctum,
513 823 662 856 unum
700 821 971 868 aeternum,
1024 810 1444 874 Omnipotentem
1494 813 1680 860 summe

291 874 478 923 bonum
515 875 726 922 adorans
768 877 966 923 Deum.

362 957 407 990 2.
444 940 668 989 Alterum
705 952 766 988 ao
817 943 911 988 hoc
949 951 1022 988 est
1059 940 1205 989 trium
1264 940 1681 1016 Theologicarum

291 1006 531 1056 virtutum
567 1007 886 1067 exercitium,
943 1023 1042 1071 quo
1091 1007 1229 1058 velut
1265 1008 1502 1070 primitias
1553 1009 1681 1057 diur-

291 1089 464 1122 narum
503 1073 763 1122 actionum
814 1088 1107 1122 consecrare
1148 1074 1409 1135 Creatori,
1465 1075 1522 1128 ὅ(
1577 1072 1681 1134 eius

295 1142 485 1190 mature
538 1139 807 1188 conciliare
862 1152 964 1188 tam
1017 1140 1079 1188 ad
1132 1140 1298 1190 omnia
1353 1141 1681 1189 necessarium

290 1205 517 1255 favorem
539 1207 711 1256 decet.
745 1206 925 1257 Recita
948 1206 1097 1270 igitur
1113 1207 1245 1257 Fidei
1279 1206 1566 1269 Symbolum
1586 1207 1682 1255 sin-

289 1272 432 1337 gulos
471 1273 720 1322 Articulos
758 1272 926 1320 animo
966 1274 1267 1336 exprimenS,
1311 1275 1368 1326 &
1403 1275 1682 1323 adhaesione

291 1339 762 1388 firmissimacuncta
799 1338 1140 1401 complectens
1164 1339 1360 1388 Divinae
1398 1352 1582 1389 naturae
1621 1355 1679 1387 ac

292 1421 644 1479 personarum,
700 1403 1088 1462 Incarnationis,
1128 1404 1285 1463 Vitae,
1326 1405 1531 1465 Mortis,
1579 1407 1682 1454 Re-

289 1472 605 1520 surrectionis
643 1472 850 1531 Christi,
889 1470 1121 1521 Ecclesiae
1144 1486 1340 1542 quoque
1377 1485 1584 1529 sanctae,
1610 1488 1677 1532 rac

288 1535 475 1602 reliqua
515 1538 577 1585 ibi
616 1537 846 1600 exposita
882 1540 1152 1604 dogmata:
1195 1550 1320 1585 inter
1343 1538 1675 1599 pronuncian-

289 1604 404 1651 dum
443 1605 542 1652 haec
582 1616 750 1652 mente
788 1620 1023 1653 versans:
1058 1603 1474 1652 Persuasissimum
1512 1604 1675 1652 habeo

289 1687 395 1734 quae
436 1669 494 1718 de
532 1671 628 1729 Te,
668 1672 806 1719 Deus
845 1686 979 1719 meus
1016 1685 1112 1717 une
1150 1685 1208 1717 ac
1246 1668 1426 1730 Trine,
1465 1686 1674 1735 quaeque

289 1739 351 1786 de
400 1735 522 1785 Filio
570 1737 726 1785 Patris
773 1737 945 1785 aeterni
982 1753 1071 1800 pro
1120 1751 1196 1784 me
1250 1735 1448 1785 homine
1504 1733 1672 1797 facto,

290 1819 380 1867 pro
422 1819 501 1851 me
537 1818 712 1877 pas-so,
763 1816 997 1862 mortuO,
1035 1802 1394 1863 reviviscente,
1441 1819 1553 1852 cum
1589 1804 1676 1852 Pa-

285 1882 360 1918 tre
400 1870 455 1921 δε
510 1868 691 1932 Spiritu
751 1871 937 1918 Sancto
986 1870 1033 1916 in
1088 1867 1240 1917 Coelis
1290 1881 1564 1935 regnante,
1616 1869 1674 1922 ὃς

290 1934 525 2000 quidquid
561 1935 692 1983 aliud
730 1938 915 1984 Sancta
949 1934 1219 1984 Catholica
1258 1909 1548 2000 ApostoliCa
1569 1935 1674 1984 Ro-

290 2017 436 2049 mana
474 2002 627 2051 docet
665 2018 723 2050 ac
745 2003 1007 2065 profitetur
1043 2000 1294 2061 Ecclesia,
1333 2014 1530 2066 paratus
1567 2016 1672 2053 om·

293 2083 406 2117 nem
444 2065 712 2129 jacturam,
751 2085 950 2119 omnem
989 2067 1086 2116 vim
1123 2066 1347 2131 perpeti,
1385 2067 1672 2147 sanguinem

288 2133 407 2199 quin
460 2135 611 2183 etiam
649 2151 707 2183 ac
760 2136 916 2184 vitam
955 2134 1082 2195 prius
1134 2133 1468 2208 profundere,
1525 2150 1669 2197 quam

288 2202 572 2272 extorqueri
611 2200 726 2248 mihi
765 2202 911 2250 fidem
950 2200 1083 2248 illam
1121 2202 1311 2272 sinam,
1351 2210 1439 2248 aut
1474 2197 1535 2248 de
1573 2199 1673 2250 ulla

286 2283 389 2324 ejus
426 2279 564 2331 parte
602 2267 803 2316 dubium
842 2283 1059 2331 unquam
1082 2265 1161 2315 vel
1200 2264 1448 2313 minimum
1486 2264 1668 2314 admit·

285 2345 419 2381 tam.
474 2336 531 2383 In
569 2335 661 2382 hac
698 2332 1011 2383 confessione
1066 2331 1384 2381 certissimum
1422 2329 1536 2379 mihi
1591 2343 1669 2381 est

285 2399 453 2451 vivere
491 2401 548 2454 δι
583 2399 739 2452 mori:
779 2401 910 2466 quod
944 2401 981 2449 si
1016 2415 1127 2449 cum
1164 2397 1227 2446 ad
1262 2412 1536 2461 supremam
1575 2397 1662 2447 ho-

1490 2478 1597 2514 ram
