1781 2889
235 182 749 234 EPISTULARUM.
786 180 889 227 Lib.
924 184 993 229 II.
1027 182 1112 245 Ep.
1146 184 1186 227 1.
1308 193 1394 244 175

100 295 206 329 rum
243 280 447 344 anguste
484 294 541 325 ac
577 283 722 340 parce
759 291 1095 327 remuneratus
1135 280 1164 326 a
1203 277 1272 326 Te
1309 276 1462 327 videri

99 344 286 409 possit.
325 346 434 393 Nec
471 358 729 392 cunctetur
765 345 811 391 in
849 345 942 393 hoc
980 344 1182 402 diutius2
1228 355 1314 390 aut
1350 358 1462 403 pro-

96 412 334 459 crastinet
392 409 587 457 ulterius
622 408 857 467 Maiestas
895 413 1301 477 Tua.Qantum
1334 407 1465 457 enim

98 492 306 541 cumque
345 473 578 535 festines,
633 491 737 524 sera
791 475 889 534 jam
927 478 1026 524 haec
1072 476 1220 523 fuerit
1257 472 1461 538 diligen·

104 541 204 591 tia.
256 542 414 614 Urget
447 556 524 588 me
562 542 622 588 ad
661 543 754 589 hoc
790 541 1098 589 scribendum
1135 555 1250 588 vera
1295 540 1353 590 &
1388 554 1462 587 ar-

102 607 220 655 dens
261 623 353 655 mei
405 605 564 654 cordis
613 622 726 672 erga
777 605 1096 664 Maiestatem
1136 609 1289 655 Tuam
1345 603 1464 653 cari-

98 685 209 734 tas3
263 673 433 737 utique
470 688 578 719 cum
628 673 791 720 audire
830 673 946 720 mihi
985 673 1153 721 videar
1206 686 1352 719 voces
1405 685 1466 720 ex

100 737 171 786 his
207 739 344 787 terris
385 738 546 785 missas
582 740 643 786 ad
679 737 873 786 Coelum
911 739 1057 786 Indiae
1093 736 1463 800 conquerentis,

101 807 248 854 avare
285 819 448 852 secum
498 803 577 868 agi
614 820 640 851 a
681 801 950 859 Maiestate
987 805 1120 862 Tua,
1169 803 1300 867 quod
1349 804 1460 849 Pro-

98 883 338 917 ventuum
360 869 711 917 uberriniorum
748 869 824 933 qui
848 869 1064 917 aerarium
1103 886 1161 917 ex
1188 871 1287 930 ipsa
1325 881 1463 916 tuum

99 935 286 993 ditant,
350 935 591 983 tantulam
632 936 708 983 vix
764 934 1053 996 particulam
1111 935 1156 981 in
1208 933 1466 981 subsidium

98 1000 416 1062 spiritualium
455 998 552 1059 ejus
596 1002 941 1049 necessitatum
977 1001 1122 1066 longe
1159 999 1465 1065 gravissima-

99 1082 204 1115 rum
240 1065 492 1114 conferas.

165 1151 213 1197 9.
252 1131 523 1198 Negotium
586 1131 753 1180 salutis
808 1131 1078 1179 animarum
1132 1130 1178 1177 in
1233 1131 1327 1178 hoc
1376 1140 1465 1177 tuo

103 1199 252 1246 Indiae
292 1196 502 1259 populo,
553 1197 628 1243 cui
663 1197 940 1260 prospicere
976 1212 1036 1245 ex
1074 1194 1243 1245 officio
1280 1197 1465 1242 incum-

100 1263 175 1312 bit
216 1261 471 1320 Maiestam
510 1263 656 1321 Tuae,
692 1279 790 1326 quo
828 1262 943 1311 loco
983 1277 1039 1309 ac
1076 1275 1211 1310 statu
1247 1260 1344 1317 sit,
1381 1275 1468 1307 co-

103 1344 367 1395 gnoscere,
406 1328 609 1388 opinor,
662 1343 760 1376 non
808 1329 901 1377 erit
939 1328 1182 1392 ingratum
1207 1362 1217 1373 .
1262 1324 1468 1390 Jafana-

100 1408 228 1457 patae
268 1396 323 1445 <Sc
359 1395 406 1441 in
455 1394 556 1442 Ora
606 1393 855 1454 Comani,
915 1392 1062 1442 facile
1117 1405 1236 1441 ante
1289 1408 1468 1439 annum

101 1474 377 1509 vertentem
423 1459 524 1520 plus
571 1461 789 1507 centenis
843 1460 1096 1507 hominum
1149 1457 1358 1505 millibus
1410 1458 1472 1506 ad

103 1525 284 1574 Christi
320 1526 590 1574 Ecclesiam
626 1526 1055 1591 aggregabuntur.
1120 1526 1238 1573 Non
1290 1523 1471 1587 loquor

104 1592 166 1638 de
204 1590 368 1639 Insula
404 1590 646 1649 Ce'i'lano‚
684 1589 816 1647 cujus
838 1593 1030 1653 Regem
1067 1590 1257 1637 utinam
1295 1588 1475 1637 multus

104 1655 189 1704 ille
224 1672 324 1719 quo
363 1672 470 1704 euni
525 1655 828 1718 prosequeris
882 1653 1128 1702 emolliret
1183 1653 1356 1712 favor,
1413 1669 1473 1702 ne

103 1734 209 1770 tarn
242 1722 357 1769 dure
395 1720 640 1770 Christum
675 1721 896 1783 JESUM
943 1721 1003 1767 ab
1039 1718 1171 1767 omni
1206 1732 1348 1783 parte
1383 1735 1476 1768 suae

104 1787 310 1835 ditionis
347 1787 594 1834 exclusum
631 1786 810 1835 vellet.
972 1812 975 1816 ·

176 1870 251 1902 10.
291 1853 467 1901 Mittat
524 1852 614 1898 huc
649 1868 810 1915 quaeso
870 1848 1104 1907 Maiestas
1155 1851 1260 1898 Tua
1309 1866 1478 1915 quam-

105 1919 338 1984 plurimos
387 1922 412 1967 ὲ
466 1917 721 1965 Societate
781 1917 994 1974 Nostra,
1052 1917 1132 1979 qui
1168 1932 1268 1964 non
1323 1917 1476 1965 modo

107 1983 355 2033 sufficiant
419 1983 726 2040 baptizandis
785 1983 841 2033 <Sc
895 1980 1177 2031 Christiana
1233 1981 1480 2030 Doctrina

105 2048 379 2098 imbuendis
430 2062 531 2096 tam
594 2047 755 2095 multis
802 2046 1077 2095 hominibus
1132 2046 1211 2110 qui
1267 2047 1314 2094 in
1351 2048 1479 2095 hisce

106 2115 341 2165 tractibus
378 2114 437 2160 ad
474 2115 616 2161 fidem
655 2113 834 2161 Christi
887 2112 1283 2175 amplectendam
1340 2113 1482 2160 indu-

105 2194 316 2239 cuntur;
354 2180 434 2227 sed
475 2179 624 2227 etiam
663 2194 721 2226 ex
759 2178 928 2240 quibus
966 2178 1217 2226 abundent
1253 2177 1332 2238 qui
1368 2178 1482 2226 mit-

101 2246 144 2294 ti
181 2246 370 2308 possint
410 2245 689 2301 Malacam,
729 2244 784 2293 <Sc
821 2244 867 2290 in
905 2243 1135 2290 finitimas
1172 2243 1217 2290 ei
1251 2243 1371 2292 Urbi
1409 2259 1481 2292 re·

110 2310 319 2377 giones‚
356 2310 438 2359 ubi
475 2326 603 2359 nunc
642 2308 832 2374 plurimi
872 2309 1068 2359 Christo
1117 2310 1236 2356 dant
1273 2324 1489 2358 nomen.

1159 2376 1210 2425 P.
1247 2374 1410 2448 Magi-
