1781 2889
388 222 491 276 116
622 221 677 270 S.
711 220 1012 272 FRANCIS
1021 222 1091 272 CI
1126 223 1423 276 XAVERII

314 316 564 368 continue
602 316 823 366 fruamur
873 314 1087 366 invicem
1138 332 1447 381 conspectu.
1498 321 1582 371 Te.
1623 300 1743 384 per„

319 399 562 449 quantum
602 387 769 434 Deum
806 397 973 443 amas,
1011 399 1135 444 0r0,
1175 385 1331 436 scribe
1369 386 1489 436 mihi
1524 388 1588 435 de
1622 399 1707 448 te,

316 453 382 500 de
420 447 713 500 Christianis
749 448 1009 509 omnibu5‚
1046 462 1101 498 ut
1137 450 1348 513 valetis,
1386 452 1501 517 quid
1536 451 1710 519 agitis,

322 532 422 582 quo
459 517 578 566 loco
613 516 711 564 sint
747 515 878 577 apud
916 530 1005 563 vos
1039 516 1242 566 omnia.
1277 517 1411 568 Volo
1446 532 1616 569 autem
1637 519 1708 574 diff

318 583 502 632 stincte
538 597 598 630 ac
633 580 859 630 minutim
894 580 954 628 de
992 579 1187 648 singulis
1223 584 1436 633 doceas.
1476 588 1706 649 Expecto

320 647 403 701 hic
451 646 619 698 Pulam
667 652 695 698 ‘a
734 649 1053 696 Travancore
1107 649 1200 696 hac
1256 652 1465 701 omnino
1518 653 1706 702 hebdo-

321 715 505 777 made,
541 729 633 763 nec
667 726 791 779 puto
828 713 974 763 aliter
1010 711 1259 777 futurum3
1316 718 1552 782 quoniam
1606 718 1708 782 ipse

323 782 443 832 mihi
497 780 690 845 scripsit
724 796 773 828 se
812 780 942 829 intra
996 779 1041 828 id
1088 794 1281 844 tempus
1334 783 1525 834 affore.
1572 784 1709 854 Qid

329 847 543 915 quaeris?
581 850 719 913 viget
755 846 873 895 mihi
908 845 1097 895 animus
1133 847 1285 896 alacri
1321 850 1384 898 de
1422 850 1521 900 Dei
1569 852 1710 901 boni-

319 929 430 969 tate
468 914 680 974 fiducia,
716 912 986 962 extiturum
1038 930 1098 963 ex
1155 913 1251 963 isto
1288 930 1551 981 congressu
1573 917 1713 983 quid-

329 984 463 1046 piam
521 983 655 1046 quod
703 981 765 1028 ad
815 979 1019 1045 aliquod
1071 978 1287 1039 ejusdem
1344 982 1444 1031 Dei
1502 984 1711 1033 Domini

326 1047 503 1100 Nostri
540 1047 828 1113 obsequium
865 1047 1147 1110 pertineat:
1200 1047 1435 1114 quidquid
1488 1049 1588 1109 ejus
1641 1050 1711 1099 rei

322 1117 453 1174 erit,
488 1117 659 1165 statim
699 1129 759 1162 ex
797 1130 874 1163 me
911 1113 1066 1174 scies,
1102 1126 1156 1163 ut
1195 1116 1312 1163 Deo
1353 1116 1580 1164 Domino
1603 1111 1712 1183 gra-

320 1185 417 1233 tias
451 1198 602 1248 agas.
639 1179 811 1231 Scribo
866 1180 1206 1247 Patangatinis
1253 1182 1310 1230 de
1365 1180 1710 1231 Tabernaeuio

318 1267 380 1299 cx
420 1249 566 1296 ramis
603 1245 949 1296 frondentibus
988 1248 1289 1296 excitanjo.
1331 1248 1455 1297 Mihi
1506 1250 1708 1298 videba-

323 1332 403 1366 tur
437 1316 756 1363 commojum
807 1314 1099 1380 congregari
1157 1313 1384 1362 mulieres
1440 1315 1486 1362 in
1537 1315 1712 1365 Eccle-

322 1384 445 1432 siam
485 1383 708 1430 Sabbato
744 1395 923 1439 mane,
959 1380 1087 1429 sicut
1122 1379 1174 1428 fit
1217 1374 1528 1443 Manapare3
1580 1398 1709 1430 x-:ms

326 1463 496 1498 autem
538 1447 818 1498 Dominicis
855 1447 1053 1505 diebus,
1092 1459 1180 1494 tuo
1219 1458 1386 1494 tamen
1409 1447 1612 1496 arbitrio
1635 1462 1710 1497 to-

322 1529 431 1565 tum
468 1515 515 1562 id
554 1515 821 1577 permitto,
857 1515 1077 1582 Qiando
1115 1526 1169 1560 ut
1205 1513 1468 1561 subvenias
1522 1529 1713 1581 egesta-

324 1582 364 1634 ti
404 1580 617 1644 cuipiam
656 1594 785 1639 tuae,
835 1588 973 1629 voles
1027 1579 1087 1627 ad
1135 1577 1429 1628 Praefectum
1465 1581 1709 1641 scribere,

320 1664 385 1700 ne
423 1662 660 1710 expectes
697 1646 922 1696 ultimum
961 1645 1228 1694 articulum
1268 1646 1711 1706 necessitatis‚sed

320 1718 514 1764 mature
551 1728 841 1778 praeoccupa
878 1727 1121 1772 monere,
1163 1726 1214 1760 ut
1251 1713 1286 1761 si
1324 1730 1422 1778 quo
1457 1712 1551 1762 erit
1586 1729 1708 1777 opus

323 1779 574 1833 Praefecto
611 1780 801 1844 spatio,
859 1781 922 1829 ad
972 1796 1072 1829 rem
1130 1779 1220 1827 tibi
1259 1779 1587 1831 necessariam
1624 1795 1708 1827 cu-

319 1849 565 1908 xandarn,
603 1861 654 1896 tu
694 1864 794 1897 non
832 1844 1154 1909 excruciem,
1192 1862 1278 1912 per
1312 1846 1450 1898 iilam
1487 1861 1708 1907 moram,

326 1915 538 1981 penuria
574 1927 782 1980 urgente
805 1949 818 1962 .

395 1999 440 2033 2.
479 1984 561 2030 De
596 1982 799 2046 Joanne
837 1979 1044 2045 Artiaga
1078 1978 1202 2030 scire
1237 1995 1325 2043 pet
1358 1991 1410 2029 te
1441 1976 1590 2030 velim
1629 1976 1709 2027 ubi

317 2048 410 2109 sit,
446 2049 503 2101 &
541 2063 602 2096 an
644 2050 762 2098 Deo
797 2046 1063 2098 inserviat:
1104 2045 1314 2097 multum
1351 2045 1481 2098 enim
1529 2059 1708 2096 vereor

321 2129 377 2164 ut
412 2128 814 2179 perseveraturus
850 2113 899 2164 in
939 2112 1039 2164 Dei
1076 2114 1318 2179 obsequio
1367 2112 1457 2173 sit,
1506 2123 1708 2174 propter

320 2181 424 2240 eius
460 2182 848 2231 inconstantiam
888 2197 1034 2246 quam
1074 2180 1238 2229 nosti.
1276 2182 1420 2229 Pater
1470 2176 1551 2242 qui
1607 2192 1710 2228 rne-

319 2265 435 2299 cum
475 2261 550 2297 est
587 2250 643 2301 &
680 2264 775 2315 ego
812 2247 938 2298 bene
978 2246 1221 2296 valemuS.
1247 2240 1347 2296 Dic
1381 2247 1411 2295 ὲ
1445 2260 1523 2293 me
1554 2259 1711 2308 puero

325 2316 612 2375 Matthaeo,
649 2328 704 2364 ut
742 2328 916 2380 pergat
953 2313 1108 2363 bonus
1145 2328 1280 2368 esse,
1329 2327 1389 2360 ac
1426 2327 1552 2362 voce
1587 2326 1723 2368 con·-

325 2379 472 2434 tenta
506 2381 554 2433 in
592 2380 898 2432 Catechismi
935 2378 1106 2432 schola
1138 2378 1311 2431 reddat
1365 2393 1470 2446 quae
1488 2390 1557 2496 gu
1583 2392 1709 2430 'eum

1520 2460 1638 2494 ocu·
