1781 2889
296 231 412 281 μ,ιιες
533 230 581 277 S.
617 225 988 277 FRANCISCI
1025 225 1321 276 XAVERH
1357 215 1384 242 ⁹

250 327 499 378 rationem
555 327 672 373 Deo
730 321 954 371 Domino
1016 323 1251 375 universae
1307 323 1418 373 vitae
1490 338 1638 374 meae.

258 396 454 442 Amen.

477 491 644 538 Oratio
679 488 744 536 ad
781 490 829 538 S.
867 489 1100 553 Angelum
1138 487 1417 537 Custodem.

263 594 450 708 POst
484 600 782 637 consuetam
819 584 952 635 illam
990 585 1254 635 formulam
1301 586 1492 654 Angele
1545 585 1649 636 Dei

385 655 468 722 qui
505 667 671 702 custos
709 670 759 703 es
797 653 925 712 mei,
965 653 1066 705 &c.
1103 653 1266 702 Addet

329 742 404 774 10.
457 722 684 772 Obsecro
736 733 815 779 te,
871 719 1062 785 Angele
1112 722 1293 768 Sancte
1351 734 1410 766 ac
1459 721 1647 779 Beate,

260 789 396 851 cuius
433 805 558 837 curae
613 802 672 835 ac
719 786 1045 851 providentiae
1082 785 1459 835 commendatus
1514 801 1642 845 sum,

258 871 312 906 ut
348 855 463 904 mihi
519 868 710 916 semper
762 868 970 915 praesens
1020 851 1145 900 adsis
1194 851 1256 899 ad
1307 862 1646 914 opportunum

260 924 534 972 auxilium.
588 916 753 970 Perfer
804 934 971 981 preces
1031 934 1164 968 meas
1218 918 1270 965 in
1323 930 1649 980 conspectum

321 990 362 1039 ei
401 986 574 1037 Nostri
613 985 854 1044 Domini,
893 985 950 1036 δε
988 983 1178 1032 insinua
1198 984 1288 1047 piis
1309 981 1410 1043 ejus
1430 983 1650 1044 auribus,

261 1070 317 1106 ut
353 1071 439 1120 per
472 1069 610 1102 suam
665 1049 1049 1100 misericordiam
1088 1053 1145 1104 ὃ(
1180 1063 1318 1099 tuam
1344 1049 1653 1099 intercessio-

263 1120 404 1182 nem,
442 1118 693 1171 concedat
728 1117 845 1165 mihi
884 1118 1081 1165 veniam
1118 1129 1442 1183 peccatorum
1478 1128 1652 1179 praete-

262 1191 500 1247 sitorum,
539 1201 706 1235 veram
743 1183 973 1232 notitiam
1032 1186 1088 1236 ὅτ
1143 1181 1499 1233 contritionem
1536 1198 1656 1244 prae·

263 1254 508 1313 sentium,
547 1250 802 1301 efficacem
841 1250 1054 1314 denique
1093 1249 1478 1313 praecautionem
1506 1249 1567 1296 ad
1596 1255 1659 1296 ea

269 1321 474 1371 vitanda
511 1336 616 1383 quae
657 1318 702 1365 in
741 1328 989 1380 posterum
1013 1315 1278 1382 fragilitati
1304 1331 1424 1364 meae
1462 1315 1657 1363 minan-

265 1401 372 1447 tur,
412 1387 497 1434 det
531 1397 767 1448 praeterea
806 1381 921 1430 mihi
968 1384 1179 1448 gratiam
1235 1383 1361 1430 bene
1417 1378 1657 1443 operandi

267 1455 326 1507 &
361 1453 428 1501 sic
465 1466 617 1515 usque
654 1450 702 1497 in
740 1449 888 1508 finem
925 1448 1305 1510 perseverandi.
1347 1445 1519 1495 Procul
1556 1445 1660 1493 abi-

263 1537 325 1587 ge
363 1523 391 1569 ὲ
429 1534 535 1578 me,
575 1531 659 1579 pei·
697 1514 931 1564 virtutem
974 1514 1070 1563 Dei
1108 1513 1515 1576 Omnipotentis‚
1555 1527 1661 1560 orn·

268 1603 381 1635 nem
419 1583 756 1633 tentationem
795 1585 1026 1641 Satanae,
1064 1597 1122 1629 ac
1160 1582 1288 1644 quoi
1328 1595 1422 1645 ego
1462 1593 1659 1641 prome-

267 1653 361 1701 reri
399 1649 517 1699 meis
568 1648 797 1711 operibus
855 1663 1083 1713 nequeo,
1140 1646 1349 1709 impetra
1403 1642 1516 1694 mihi
1575 1659 1664 1708 pet

267 1718 510 1785 gratiosaS
549 1728 658 1764 tuas
696 1713 825 1777 apud
863 1729 1180 1761 communem
1222 1711 1494 1761 Dominum
1552 1725 1660 1774 pre·

268 1801 376 1844 ces,
419 1796 474 1833 ut
510 1782 559 1829 in
597 1797 673 1830 me
714 1796 813 1828 non
852 1780 1035 1828 habeat
1086 1779 1251 1827 locum
1309 1777 1409 1826 ulla
1461 1775 1664 1825 mistura

269 1868 446 1909 noxae,
503 1862 588 1897 aut
645 1846 846 1895 malitiae
904 1843 1232 1894 fermentum.
1267 1846 1331 1894 Et
1386 1842 1423 1892 si
1460 1842 1660 1908 quando

267 1934 346 1966 me
388 1916 554 1965 videas
595 1915 909 1963 aberrantem
945 1915 973 1960 a
1011 1913 1148 1961 recta
1195 1911 1276 1961 viii
1315 1912 1371 1963 ὅ(
1409 1909 1662 1959 declinan-

268 1997 369 2034 tem
411 1982 457 2029 in
497 1979 790 2030 diverticula
829 1991 1296 2044 peccatoruna‚age
1334 1976 1470 2027 omni
1505 1974 1662 2024 modo

269 2064 324 2099 nt
361 2051 568 2098 reduc-a<
605 2063 682 2095 me
720 2048 781 2094 ad
833 2045 1150 2094 Salvatorem
1203 2059 1368 2092 meum
1424 2056 1508 2105 per
1559 2039 1661 2089 vias

268 2115 467 2172 juctiriae
504 2116 850 2178 quaerendum:
908 2112 988 2160 ubi
1038 2115 1160 2160 vero
1214 2110 1433 2158 incidisse
1482 2121 1560 2155 me
1614 2105 1661 2153 in

265 2181 637 2232 tribulationem
694 2183 751 2233 <Sc
802 2179 1053 2245 angustias
1090 2176 1423 2241 pei-<pexeri5,
1480 2171 1663 2220 adhibe

270 2265 357 2313 per
394 2247 689 2296 benevolam
731 2246 988 2295 caritatem
1031 2257 1196 2303 tuam,
1233 2241 1392 2290 dulcia
1428 2250 1513 2287 tua
1553 2235 1661 2286 offi-

266 2315 343 2364 cia
398 2332 507 2363 cum
570 2317 717 2372 De0‚
757 2327 810 2361 ut
846 2313 961 2360 inde
1016 2311 1131 2359 mihi
1182 2307 1378 2357 mature
1431 2317 1665 2369 procures

269 2381 595 2433 necessarium
632 2378 900 2432 auxilium.
924 2380 1220 2443 Nunquam,
1257 2387 1421 2440 quaeso
1459 2383 1543 2487 ted,
1582 2383 1664 2421 me

1533 2449 1582 2486 e-
