1781 2889
363 248 459 317 328
627 245 677 294 S.
705 236 1080 295 FRANCISCI
1117 243 1416 311 XAVERH

298 343 396 407 va,
434 357 669 411 quantum
708 343 854 401 licet5
895 355 1066 389 corum
1117 355 1293 390 contra
1346 358 1472 406 quos
1523 341 1678 394 disce-

296 413 448 476 ptatis
486 410 738 467 amicitia5
777 408 1015 456 tuemini.
1051 409 1132 456 De
1166 405 1407 457 Praefecto
1437 443 1448 470 ‚
1502 411 1680 461 iterum

298 495 389 542 pro
425 477 495 526 rei
534 487 790 525 momento
829 482 1038 523 moneo:
1079 471 1328 536 placatum
1366 490 1478 523 eum
1532 477 1672 528 vobis

297 548 449 609 vatque
486 541 780 592 benevolum
819 550 1131 604 quocumque
1166 538 1416 601 impendio
1453 558 1677 594 servate:

299 625 392 659 nec
429 609 697 674 quidquam
735 605 942 656 omnint>
977 605 1117 655 vobis
1156 604 1282 653 tanti
1320 605 1409 666 sit,-
1436 611 1570 672 quod
1590 624 1679 673 pro

297 674 401 735 ejus
438 673 716 724 offensione
751 672 958 722 vitanda
992 671 1319 722 retinendave
1364 675 1554 739 gratia,
1591 691 1680 725 un..

301 750 451 807 quam
488 756 672 804 pacrsc1
710 753 974 788 recusetisa
1674 776 1682 785 ,

374 819 447 875 13.
481 809 594 872 Jam
633 805 778 856 vestri
815 813 925 854 cum
963 800 1206 855 Lusitanis
1223 816 1472 855 sermones
1507 807 1565 858 dc
1589 806 1682 858 Di.

245 905 251 911 -
297 873 421 923 vinis
473 889 664 936 semper
716 871 988 937 animaeque
1034 871 1242 919 salutem
1288 888 1345 920 ac
1400 871 1683 936 profectum

295 940 628 990 attinentibus
681 939 823 988 rebus
871 952 1054 988 sunto:
1094 936 1330 1001 disserite*
1363 940 1492 1002 apud
1550 940 1684 1003 illos,

294 1007 500 1071 privatis
538 1022 734 1072 quoque
772 1004 1138 1070 congressibus,
1179 1005 1239 1052 de
1280 1005 1481 1065 Morte,-
1515 1006 1574 1056 de
1591 1009 1682 1072 Ju-

296 1074 453 1134 dicio,
492 1074 553 1122 de
585 1071 830 1136 suppliciis
866 1070 1050 1121 Inferni
1100 1070 1155 1122 &
1211 1072 1518 1137 Purgatorii,
1571 1089 1685 1122 sua-

296 1140 464 1189 dendo
502 1153 557 1189 ut
593 1137 905 1188 Poenitentiae
943 1139 999 1191 ἃ
1024 1136 1339 1201 Eucharistiae
1361 1133 1683 1204 frequentent

295 1209 652 1266 Sacramenta,
691 1218 746 1254 ut
786 1204 983 1255 Divinae
1021 1205 1162 1270 Legis
1210 1204 1383 1252 decem
1434 1218 1683 1270 praecepta

293 1273 619 1334 custodiant3
657 1272 714 1324 δι’
750 1287 855 1337 quae
892 1284 1005 1322 sunt
1057 1271 1156 1330 ejus
1203 1269 1432 1338 generis:
1491 1273 1681 1322 namsi

293 1348 406 1388 cum
445 1339 500 1387 iis
539 1339 733 1404 agendo
771 1337 833 1386 ad
871 1338 968 1386 alia
1006 1353 1254 1403 nunquam
1309 1329 1682 1388 confabulatio-

294 1421 413 1453 num
467 1417 762 1472 argumenta
798 1404 1148 1464 deflexerim,
1209 1402 1421 1452 alterum
1474 1404 1681 1455 duorum

292 1471 519 1531 eveniet,
559 1484 614 1520 ut
649 1482 735 1518 aut
772 1468 843 1517 illi
882 1486 967 1519 vos
1005 1471 1276 1529 adeuntes,
1315 1468 1527 1519 eandem
1549 1472 1682 1521 ultro

292 1536 692 1587 collocutionum
729 1536 986 1586 materiam
1040 1547 1302 1599 usurpent,
1356 1550 1538 1604 magno
1589 1554 1679 1587 suo

299 1604 435 1652 bono
473 1602 695 1656 scilicet:
750 1615 837 1651 aut
873 1604 910 1650 si
945 1618 1030 1652 eos
1068 1601 1170 1659 eius
1224 1599 1436 1651 tristitiae
1474 1603 1674 1653 taejium

294 1670 489 1733 capiat,
528 1667 797 1718 convenire
835 1685 922 1717 vos
959 1669 1216 1728 desinant,
1240 1668 1468 1720 &bonas
1505 1671 1674 1732 horas,

292 1736 447 1786 vestri
483 1734 765 1798 multiplicis
804 1731 953 1784 officii
1000 1735 1284 1802 urgentibus
1337 1736 1681 1801 occupationi-

294 1803 380 1852 bus
419 1803 744 1861 necessarias,
794 1802 933 1850 vobis
972 1801 1145 1851 liberas
1180 1802 1497 1865 relinquant.

365 1886 438 1934 14.
478 1871 798 1918 Mementote
834 1867 882 1915 in
918 1869 1261 1918 occasionibus
1297 1871 1460 1919 Goam
1498 1867 1680 1918 scribe-

290 1953 345 1986 re
380 1937 439 1984 ad
476 1938 642 1984 Patres
681 1937 969 1999 Fratresque
1026 1949 1201 1986 nostrae
1257 1933 1552 1996 Societatis,
1600 1951 1676 1984 re-

291 2002 510 2052 ferentes
547 2018 652 2067 quae
690 2001 936 2051 consolari
972 2018 1057 2051 eos
1094 2005 1151 2056 δε
1188 2004 1404 2051 animare
1452 2002 1514 2051 ad
1550 2001 1676 2051 benc

272 2071 534 2137 ‘agendum
573 2081 788 2131 queant,
845 2067 908 2117 de
959 2067 1121 2118 fructu
1179 2068 1556 2119 ministeriorum
1593 2083 1677 2117 ve·

289 2150 532 2193 strorum‚
569 2136 625 2187 &
661 2148 880 2183 successu
918 2149 1186 2185 conatuum
1209 2137 1269 2184 ad
1293 2134 1389 2185 Dei
1409 2135 1631 2187 Gloriam
1654 2152 1673 2186 .·

288 2202 469 2252 dabitis
505 2201 658 2250 etiam
697 2201 869 2250 eodem
907 2216 1204 2264 argumento
1241 2201 1404 2252 literas
1458 2202 1521 2250 ad
1562 2203 1670 2250 Do-

287 2270 471 2319 minum
510 2269 831 2331 Episcopum,
869 2267 983 2317 curn
1018 2272 1151 2319 omni
1188 2268 1480 2318 demissione
1500 2282 1558 2316 ac
1595 2282 1670 2316 re-

284 2335 535 2391 verentia,
574 2348 809 2398 tanquam
846 2336 905 2383 ad
943 2336 1229 2395 Praelatum‚
1253 2334 1387 2392 cuius
1405 2332 1668 2383 autoritati

288 2418 350 2454 ac
384 2401 705 2466 jurisdictioni
726 2401 931 2453 Tractus
967 2402 1045 2455 isti
1082 2418 1255 2455 omnes
1280 2399 1536 2516 subjacenlt
1557 2436 1569 2448 .
1593 2398 1670 2453 Ad

1445 2482 1510 2517 nu
1532 2496 1554 2509 ·
