1781 2889
296 229 489 283 xxxviii
571 229 1264 283 PROLEGOMENA

229 342 345 377 nam
382 326 858 392 Interpretationem
907 326 1237 375 accurandam
1285 332 1402 372 toto
1454 323 1624 374 animo

231 393 516 458 amplexuS,
569 394 626 445 &
673 392 834 453 spatio
888 393 945 443 &
993 392 1323 441 contentione
1361 388 1624 448 majoribus

232 476 379 524 quam
437 460 544 524 quis
596 458 742 507 facile
777 470 1032 517 autumet,
1071 457 1119 505 in
1157 458 1202 506 id
1238 456 1449 506 studium
1487 457 1625 506 incu-

234 527 347 575 bui.
384 524 607 590 Singulas
645 525 824 589 quippe
863 539 963 572 non
1000 525 1271 573 sententias
1308 522 1502 582 solum,
1539 522 1626 573 sed

234 593 289 644 ἃ
328 606 508 650 voceS,
547 592 605 643 δε
642 593 766 653 pene
812 591 1006 652 apices,
1062 606 1297 654 nusquam
1351 587 1624 649 festinans,

237 657 490 721 expendi3
527 669 703 720 praeter
758 654 1077 705 vocabularia
1132 657 1214 709 &;
1244 655 1426 716 libros,
1482 654 1628 705 vivos

232 724 385 772 etiam
425 724 692 789 Magistros
729 721 1250 784 adhiben5,.qualium
1288 720 1368 769 hic
1409 722 1625 789 benigna

236 803 311 837 est
368 789 551 851 copia,
604 787 782 852 linguae
836 787 1128 836 Lusitanicae
1196 787 1629 850 peritissimorum.

233 856 590 904 Recordantur
626 854 696 904 illi
733 852 930 917 quoties
966 868 1101 901 meas
1137 852 1249 915 ipsis
1287 852 1629 904 dubitationes

234 920 522 969 obtruserim
546 954 558 978 ‚
605 933 730 985 quot
784 918 1076 982 importunis
1112 918 1336 982 quotidie
1377 920 1630 970 consulta-

234 986 495 1042 tiunculis,
531 1002 706 1053 graves
745 986 958 1045 ipsorum
987 985 1345 1048 occupationes
1382 987 1510 1036 haud
1542 1001 1630 1036 ve·

234 1056 448 1103 recunde
486 1052 870 1116 interpellarim.
909 1054 1035 1101 Sunt
1085 1051 1135 1098 in
1184 1053 1403 1101 dialecto
1441 1052 1631 1103 Lusita·

233 1119 346 1169 nicsi
386 1136 468 1182 per
505 1118 700 1167 Indicas
736 1118 976 1167 Colonias
1011 1117 1243 1183 vigente,
1271 1119 1470 1184 quidam
1493 1119 1630 1170 Idio-

234 1185 362 1235 tismi
399 1186 628 1235 cis—mare
667 1184 858 1251 ignoti.
894 1188 1075 1235 Eorum
1129 1184 1312 1249 glossas
1353 1184 1631 1235 utilissimas

236 1251 443 1316 providit
496 1250 652 1300 nostri
704 1251 922 1314 superius
977 1250 1266 1311 memorati,
1324 1251 1440 1300 mihi
1493 1267 1633 1301 num-

235 1334 383 1383 quam
404 1318 520 1366 satis
546 1334 634 1381 pro
671 1333 761 1366 suo
799 1316 1003 1375 merim,
1045 1317 1101 1369 &
1139 1332 1229 1379 pro
1263 1331 1378 1366 meo
1413 1315 1630 1378 affectu,

236 1385 545 1433 memorandi
583 1385 631 1432 Ρ.
671 1383 910 1432 Francisci
948 1383 1155 1432 Xaverii
1186 1382 1628 1447 Philippucii‚ela-

236 1451 468 1506 bonitas,
506 1464 559 1498 ut
594 1450 1005 1513 opportunissime
1052 1450 1264 1513 accepi,
1300 1449 1368 1498 sic
1403 1450 1626 1501 assiduis-

234 1517 354 1567 sime
391 1515 646 1565 consului.
687 1517 918 1582 Denique
957 1515 1075 1563 nihil
1113 1515 1474 1577 praetermisisse
1510 1515 1631 1567 mibi

235 1599 337 1632 sum
385 1582 605 1632 conscius
642 1599 810 1631 eorum
849 1599 954 1648 quae
991 1582 1051 1629 ad
1087 1582 1421 1631 nitidissimam
1468 1596 1629 1634 trans-

237 1648 480 1699 lationem
534 1649 581 1697 in
637 1648 840 1698 latinum
878 1664 1181 1701 sermonem,
1219 1649 1503 1698 Lusitanico
1541 1665 1627 1700 ex-

235 1732 515 1790 pressorum
555 1715 725 1764 Sancti
762 1715 969 1766 Xaverii
1009 1730 1235 1764 sensuum
1274 1716 1405 1765 hisce
1430 1716 1632 1766 Chattis

235 1783 534 1837 injitorum,
585 1780 814 1832 conferre
851 1797 991 1844 posse
1030 1782 1297 1847 quidquam
1334 1782 1630 1833 arbitrarer.

236 1850 334 1899 Res
372 1848 774 1908 Ecclesiasticus,
825 1846 1014 1896 usitatis
1062 1850 1225 1911 potius
1263 1849 1320 1901 &
1358 1848 1491 1900 notis
1527 1846 1628 1898 for-

235 1915 411 1974 muliS,
462 1919 607 1979 quiim
664 1914 1038 1965 circuitionibus
1074 1914 1134 1963 ad
1171 1927 1391 1964 veterem
1427 1914 1628 1982 elegan-

234 1981 358 2031 tiam
396 1982 636 2045 exquisite
673 1980 950 2037 affectatis,
990 1978 1165 2030 efferre
1200 1980 1490 2046 plerumque
1525 1995 1627 2030 ma-

232 2046 333 2097 lui.
391 2048 549 2112 Magis
606 2048 839 2098 interesse
877 2060 1043 2102 ratus,
1083 2047 1196 2096 talis
1233 2048 1405 2112 utique
1439 2060 1627 2097 tracta-

233 2126 394 2164 torem
433 2115 742 2179 argumenti‚
780 2114 1092 2171 Christiane,
1130 2126 1278 2179 quam
1330 2112 1626 2164 Ciceronia-

234 2183 296 2230 τιὸ
353 2180 534 2246 loqui.
589 2182 816 2230 Scribens
872 2179 1136 2244 Hispanice
1194 2193 1283 2230 aut
1337 2179 1622 2234 Lusitanice

236 2249 285 2298 S.
323 2246 570 2296 Xaverius
625 2247 813 2312 aliquas
862 2247 1109 2296 interdum
1163 2245 1399 2310 inspergit
1445 2245 1626 2294 latinas

235 2328 416 2370 voces,
454 2313 605 2360 immo
643 2313 912 2364 sententias
943 2328 1309 2376 nonnusquam.
1334 2316 1434 2364 Has
1454 2326 1627 2361 omnes

236 2378 451 2430 studiose
488 2379 696 2440 retinui,
735 2382 793 2433 &
829 2380 1031 2431 Lectori
1077 2378 1138 2428 ad
1182 2377 1482 2443 peculiarem
1518 2379 1621 2454 ani-

1485 2460 1554 2497 ml
