1781 2889
378 224 476 282 322
619 208 667 259 S.
702 205 1069 258 FRANCISCI
1103 205 1405 258 XAVERII

316 304 514 354 stranda
549 302 692 352 claris
730 300 966 364 exemplis
1004 302 1061 355 δε
1096 300 1488 351 similitudinibus
1523 300 1585 350 ad
1621 316 1698 354 ru-

318 372 452 420 dium
490 382 689 433 captum
719 368 1110 418 accommodatis
1130 402 1143 429 ,
1165 368 1394 423 foeditate
1412 369 1471 419 δτ.
1488 366 1703 431 pernicie

313 436 545 485 illorum:
587 434 954 482 accumulandis
994 436 1172 483 deinde
1207 434 1269 483 ad
1321 449 1561 484 terrorem
1615 442 1700 482 eo*-

313 518 419 552 rum
457 502 538 567 qui
577 500 978 550 emendationem
1016 500 1322 563 distulerint,
1353 498 1702 550 comminatio,

315 568 454 618 nibus
494 567 572 614 irae
611 583 669 615 ac
705 566 937 615 vindictae
973 565 1220 626 coelestis,
1280 583 1379 614 non
1424 583 1539 616 serae
1595 578 1704 614 tan-

313 636 451 692 tuin,
490 634 545 684 &
584 646 694 695 post
732 634 856 680 hanc
894 635 1088 682 demum
1127 633 1280 683 vitam
1305 633 1576 694 saeviturae3
1613 629 1696 680 sed

313 699 542 748 instantis
580 701 635 751 ὅ(
674 701 867 748 tanturn
908 715 1007 747 non
1046 700 1325 763 praesentis,
1385 700 1704 757 morborum,

313 767 555 830 pestium,
611 764 902 828 praecocium
955 764 1228 826 funerum,
1294 762 1623 813 infestationis
1675 779 1704 810 a

331 832 536 898 ''xegibus
584 833 830 890 barbaris,
869 831 948 896 qui
987 847 1071 880 eos
1110 832 1423 894 spoliabunt,
1455 831 1703 893 mancipa-

315 899 471 957 bunt,
512 897 622 950 diris
660 897 894 954 exemplis
936 899 1269 960 torquebunt3
1308 913 1394 961 per
1430 914 1532 962 quae
1571 894 1704 944 mala

313 964 362 1013 in
401 964 642 1026 supplicia
680 965 977 1028 sempiterna
1015 966 1209 1014 Tartari
1234 977 1521 1028 peccatores
1555 962 1698 1010 indu-

315 1031 413 1080 rati
449 1031 736 1094 perventuri
772 1032 892 1079 sint.
947 1033 1035 1079 Per
1089 1031 1280 1098 singula
1329 1029 1442 1078 loca
1494 1029 1707 1093 inquire-

313 1097 405 1156 tis,
444 1097 617 1160 ecquid
653 1097 929 1146 simultates
966 1097 1021 1148 &
1059 1099 1172 1147 odia
1210 1099 1336 1146 inter
1372 1096 1563 1160 aliquos
1600 1092 1703 1146 illic

316 1163 605 1229 degentium
640 1163 774 1211 sint:
815 1180 872 1211 ac
908 1163 1087 1211 dabitis
1145 1163 1409 1230 diligenter
1463 1176 1662 1225 operam
1687 1193 1701 1221 ,

314 1243 373 1280 nt
411 1229 441 1275 ii
481 1245 580 1277 non
616 1229 774 1278 solum
809 1230 1022 1280 invicem
1060 1231 1424 1289 concilientur,
1479 1225 1706 1291 deposito

316 1312 377 1344 ex
417 1296 588 1343 animis
623 1311 873 1357 rancore3
910 1296 992 1344 sed
1027 1296 1120 1344 hoc
1158 1297 1310 1360 ipsum
1348 1295 1501 1350 etiam
1541 1291 1705 1356 palam

316 1362 677 1426 profiteantur,
732 1362 793 1409 ad
846 1359 1247 1410 satisfaciendum
1303 1360 1566 1410 offensioni
1617 1373 1706 1421 pu-

317 1427 458 1475 blicae
483 1445 499 1477 .·
534 1443 686 1492 quare
738 1426 829 1474 viri
866 1444 1071 1491 quorum
1110 1426 1272 1477 fuerat
1294 1441 1413 1477 nota
1437 1426 1703 1486 dissensio,

316 1493 366 1542 in
405 1505 657 1542 conventu
712 1493 929 1542 virorum
968 1493 1089 1557 (qui
1126 1508 1178 1543 ut
1216 1495 1351 1554 dixi,
1391 1492 1559 1558 quavis
1599 1493 1710 1540 Do·

319 1558 502 1609 minica
540 1559 913 1625 celebrabitur)
951 1560 1008 1611 δε
1060 1560 1285 1609 mulieres
1335 1561 1383 1607 in
1432 1572 1566 1608 coetu
1616 1555 1708 1606 foe-

320 1624 564 1674 minarum
603 1625 768 1673 diebus
807 1625 1009 1673 Sabbati
1046 1627 1303 1691 cogendo,
1353 1625 1400 1674 in
1449 1623 1708 1689 praesenti&

317 1691 694 1751 universorum,
734 1691 872 1741 vobis
909 1692 1195 1756 agentibus,
1218 1705 1496 1750 testentur,
1521 1687 1713 1747 seiniu·

317 1757 498 1815 riarum
536 1756 784 1806 illatarum
823 1760 1096 1820 poenitere,
1139 1760 1333 1808 veniam
1372 1772 1706 1822 poscere,ac-

319 1837 579 1886 ceptarum
618 1824 840 1874 oblivisci
879 1824 1109 1888 deinceps
1148 1825 1308 1886 velle,
1362 1841 1421 1873 ac
1473 1824 1603 1889 prius
1640 1825 1713 1871 in-

317 1888 468 1940 fensis
508 1890 734 1939 exosisve
772 1886 1065 1940 Christiana,²
1113 1907 1171 1940 ac
1225 1890 1450 1942 fraternae
1495 1888 1714 1939 caritatis

328 1954 495 2007 officia
532 1970 712 2006 cuncta
749 1957 1012 2017 exhibere,
1053 1971 1348 2008 constanter
1402 1957 1710 2007 decrevisse.

390 2042 434 2088 5.
471 2024 595 2073 Cum
636 2024 840 2086 primum
882 2023 1232 2074 declarationis
1271 2024 1607 2075 Articulorum
1639 2022 1710 2070 Fi-

323 2087 403 2137 dei
442 2089 497 2157 in¹
529 2088 746 2155 linguam
804 2088 1161 2140 Malabaricam
1214 2091 1506 2151 translatio,
1556 2105 1706 2154 quam

321 2154 543 2204 eommxsi
580 2157 906 2204 accurandam
942 2159 998 2206 P.
1035 2157 1293 2208 Francisco
1340 2157 1567 2213 Coellio,
1603 2171 1712 2218 per-

326 2221 462 2271 fecta
499 2219 684 2283 fuerit;
720 2222 895 2272 sedulo
933 2224 1278 2284 procurabitis,
1329 2238 1384 2273 ut
1420 2222 1571 2272 multa
1608 2218 1709 2280 ejus

319 2286 555 2350 exempla
593 2305 681 2350 pro
718 2305 955 2355 pagorum
993 2304 1080 2339 aut
1137 2290 1354 2339 vicorum
1382 2303 1581 2337 numero
1619 2288 1704 2337 de-

322 2354 538 2421 scripta,
595 2354 653 2408 &
700 2370 788 2419 per
839 2354 981 2406 locos
1025 2372 1190 2422 sparsa
1234 2354 1480 2424 singulm,
1518 2352 1619 2402 illic
1656 2353 1704 2403 in

1469 2431 1628 2470 statos
