1781 2889
415 176 484 224 66
652 175 700 224 S.
736 173 1110 226 FRANCISCI
1149 173 1449 224 XAVERII

355 269 454 336 gis.
495 270 551 319 Id
586 284 796 338 augetur
832 272 882 321 in
920 271 1050 320 dies.
1086 272 1150 320 Et
1187 274 1301 321 sane
1340 284 1440 333 est,
1477 288 1564 322 cur
1599 273 1748 325 DEO

353 335 689 402 gratulemur,
726 337 830 387 tale
872 337 1178 388 domicilium
1215 338 1457 400 excitari,
1508 340 1572 387 ad
1624 340 1747 391 mul-

352 417 518 452 torum
566 405 953 467 Neophytorum
1010 404 1411 466 institutionem,
1463 406 1748 456 conversio·

353 475 565 533 nemque
601 469 866 518 infidelium
917 470 1262 534 plurimorum.
1324 471 1479 531 Hujus
1531 471 1747 540 Collegii

355 534 679 584 aedificationi
714 550 930 598 praesunt
967 536 1059 585 viri
1094 541 1208 587 sane
1261 538 1489 598 honesti,
1546 554 1605 587 ac
1653 539 1748 602 pri-

352 601 522 650 marii.
584 603 771 651 Praetor
824 602 925 666 ipse
977 603 1186 669 negotio
1241 604 1443 654 mirifice
1498 603 1671 654 favet:
1711 605 1747 652 is

353 683 506 732 usque
547 672 610 719 eo
646 666 733 715 sibi
771 668 1012 732 pei-suasit
1046 685 1148 718 rem
1200 668 1261 716 ad
1298 671 1586 721 Christianae
1637 669 1750 720 reli-

348 733 514 801 gionis
550 734 992 798 amplificationem
1030 737 1313 798 pertinere,
1354 749 1408 784 ut
1443 736 1542 795 ejus
1595 738 1749 802 potis-

352 801 527 849 simum
563 817 660 865 ope
713 816 867 869 atque
915 804 1069 865 opera
1124 803 1262 851 brevi
1314 801 1572 856 destinatae
1622 805 1749 853 aedes

352 868 595 934 augendae
648 869 1063 933 absolvendaeque
1129 868 1437 918 videantur.
1491 870 1749 936 Templum

350 935 503 999 ipsum
535 968 546 995 ‚
612 937 745 998 quod
799 935 1033 1002 Collegio
1098 935 1375 1001 proximum
1440 935 1748 997 aedificatur,

352 1001 647 1066 perpulchre
684 1003 987 1067 descriptum
1026 1016 1136 1064 est3
1174 1001 1308 1063 jacta
1344 1000 1525 1051 dudum
1576 1001 1750 1066 funda-

351 1081 552 1129 menta,
590 1069 814 1133 perducti
835 1071 897 1118 ad
915 1086 1156 1119 summum
1195 1085 1344 1134 usque
1381 1068 1593 1134 parietes
1618 1103 1630 1129 ,
1653 1068 1748 1130 jam

351 1135 601 1202 fastigium
639 1152 696 1185 ac
735 1149 923 1186 tectum
962 1136 1236 1201 imponitur
1262 1173 1272 1184 .
1310 1135 1537 1185 Proxima
1574 1150 1747 1185 aestate

349 1203 496 1251 sacris
534 1203 840 1252 initiabitur.
882 1205 1056 1267 Duplo
1095 1202 1248 1260 majus
1302 1216 1376 1251 est
1431 1202 1501 1267 (si
1539 1203 1745 1269 quaeris)

349 1273 494 1332 quam
548 1270 790 1332 templum
849 1271 1117 1320 Parisiense
1174 1268 1392 1336 Collegii
1448 1269 1746 1318 Sorbonici.

347 1334 581 1400 Collegio
617 1337 844 1385 attributi
883 1338 1028 1386 annui
1066 1336 1251 1386 reditus
1289 1334 1447 1395 tanti,
1501 1349 1555 1384 ut
1606 1336 1743 1384 susti-

350 1419 466 1452 nere
505 1416 659 1466 queat
694 1404 920 1458 alumnos
958 1402 1104 1453 facile
1126 1397 1355 1451 centum':
1381 1401 1554 1466 opinio
1575 1415 1742 1450 autem

347 1483 455 1529 est,
508 1467 608 1524 eius
664 1470 932 1537 vectigalia
986 1484 1189 1519 auctum
1228 1469 1283 1518 iri
1322 1467 1581 1533 quotidie.
1631 1469 1741 1516 Nos

348 1536 546 1601 quidem
602 1538 748 1587 DEO
805 1540 931 1587 bene
986 1536 1223 1598 juvante,
1280 1534 1574 1584 confidimus
1627 1534 1741 1583 hinc

348 1601 527 1651 multos
566 1604 733 1666 paucis
772 1605 911 1652 annis
950 1605 1195 1662 exitium,
1246 1602 1327 1666 qui
1367 1602 1422 1652 &
1460 1615 1560 1648 rem
1598 1601 1739 1649 Chri-

345 1669 557 1719 stianam
595 1668 739 1720 valde
776 1668 950 1730 juvent
985 1671 1116 1720 hisce
1153 1669 1202 1717 in
1250 1666 1398 1727 loci3‚
1451 1668 1508 1719 δε
1561 1666 1736 1717 Eccle-

314 1734 428 1785 0³1ae
450 1751 633 1784 sanctae
672 1736 790 1789 fines
827 1737 975 1805 longe
1014 1753 1071 1786 ac
1107 1736 1207 1785 late
1243 1731 1536 1799 proferant.

418 1820 461 1852 2.
497 1804 605 1867 Ego
643 1819 795 1866 vero,
833 1818 887 1853 ut
925 1803 1160 1867 principia
1197 1818 1246 1851 se
1283 1803 1432 1860 dant,
1492 1800 1540 1848 in
1599 1814 1733 1863 spem

347 1869 499 1917 venio
547 1870 675 1917 intra
729 1872 1021 1920 sexennium
1073 1868 1211 1930 hujus
1248 1865 1461 1934 Collegii
1514 1864 1738 1937 alumnos

345 1934 493 1985 facile
532 1948 788 1987 trecentos
827 1936 934 1988 fore
956 1957 974 1999 ,·
998 1941 1183 2002 eosque
1210 1935 1454 1986 variarum
1482 1944 1735 2000 gentium,

347 2002 611 2052 nationum
648 2015 801 2067 atque
836 2003 1148 2073 linguarum,
1186 2016 1394 2069 quotum
1430 2001 1581 2066 opera
1617 2014 1733 2061 pau-

343 2085 517 2118 corum
555 2087 796 2119 annorum
835 2073 1022 2137 spatio,
1065 2070 1735 2139 Christianorum-numerus

346 2153 446 2184 non
487 2137 807 2188 mediocriter
844 2154 1111 2205 augeatur.
1149 2139 1362 2196 Praetor,
1409 2133 1491 2207 ubl
1527 2147 1733 2204 prunum

345 2204 504 2252 otium
543 2204 638 2255 erit
673 2206 734 2254 ab
773 2207 994 2256 Ethnicis
1032 2207 1318 2270 (perpetuo
1353 2215 1483 2250 enlm
1519 2214 1628 2248 cum
1665 2214 1733 2246 618

345 2270 530 2320 bellum
567 2271 738 2341 gerit)
779 2273 995 2340 Collegii
1033 2274 1159 2321 aedes
1209 2267 1437 2320 celeriter
1471 2280 1520 2314 sc
1559 2264 1735 2314 exaedi-

339 2337 613 2390 sicaturum
647 2354 875 2407 recepit:
917 2344 982 2390 sic
1019 2339 1149 2390 enim
1186 2338 1234 2385 in
1270 2334 1490 2384 animum
1544 2330 1736 2381 induxit

1527 2414 1666 2448 suum
