1781 2889
361 204 400 254 6
595 203 645 255 S.
678 201 1046 255 FRANCISCI
1083 197 1384 252 XAVERII

284 310 357 346 ,τις
392 295 555 348 fateor
588 310 791 364 propter
828 296 1099 349 benefacta
1134 291 1544 359 incomparabilia
1595 294 1681 345 de·

296 363 683 425 vinctissimum‚
719 367 749 414 a
785 365 857 414 Te
893 364 1129 427 recipiat.

361 445 407 494 7.
442 432 559 480 Hoc
605 442 866 494 postquam
913 428 1014 490 ejus
1048 429 1196 480 causa
1229 443 1282 480 te
1315 427 1515 496 rogavi,
1560 420 1682 500 illm}

291 496 383 545 tua
434 495 581 556 ipsius
634 494 895 554 adjiciam:
949 508 1089 545 utere
1138 498 1514 559 opportunitate
1568 493 1682 542 Tibi

296 560 472 610 oblata
511 560 706 610 fruendi
740 560 998 624 colloquio
1046 576 1105 610 ac
1151 560 1489 611 familiaritate
1526 558 1681 608 horni-

296 626 369 675 nis
423 625 758 689 sapientissimi
814 627 873 678 &
920 624 1061 674 donis
1111 628 1140 674 a
1192 629 1309 676 Deo
1363 618 1692 693 singularibus*

295 692 497 741 ornati.
536 694 818 753 Summum,
857 703 1068 756 experto
1105 690 1222 740 mihi
1269 693 1440 753 crede,
1478 708 1538 741 ex
1574 709 1684 741 cor·

295 756 421 806 datis
458 756 560 816 ejus
598 758 798 808 monitis
832 773 891 806 ac
924 757 1307 821 prudentissimis
1334 757 1551 807 consiliis
1587 756 1683 806 fru-

296 836 432 873 ctum
469 825 620 872 animi
655 823 1158 890 consolationemque
1212 824 1479 888 percipies.
1534 822 1681 887 Aperi

292 890 504 940 fidenter
559 891 596 940 si
653 891 768 957 quid
814 902 867 940 te
916 890 1056 958 angit
1091 888 1427 956 aegritudini53
1480 889 1516 938 si
1567 890 1685 954 quid

291 956 519 1018 dubium,
557 973 817 1022 propone3
862 957 978 1005 audi
1027 958 1351 1017 suadentem,
1405 954 1687 1007 consulenti

290 1021 617 1087 obtempera:
687 1024 978 1088 probaturus
1029 1022 1337 1087 experientia
1387 1026 1531 1087 quam
1584 1037 1688 1071 non

292 1103 424 1138 vana
461 1088 730 1153 pollicear,
768 1091 880 1139 dum
918 1102 968 1140 te
1003 1089 1308 1140 incredibiles
1344 1089 1588 1139 utilitates
1623 1103 1687 1137 ex

292 1154 386 1204 viri
422 1155 593 1222 utique
630 1158 749 1206 Deo
783 1155 919 1220 pleni
964 1172 1050 1205 usu
1103 1156 1437 1221 convictuque
1485 1157 1686 1204 haustu-

291 1237 400 1270 xum
436 1237 680 1288 auguror,
717 1221 780 1270 de
816 1238 893 1270 me
929 1220 1058 1271 idem
1094 1238 1413 1289 mearumque
1450 1218 1531 1271 hic
1553 1233 1686 1270 statu

292 1303 453 1336 rerum
501 1292 646 1354 quam
700 1287 1027 1351 plenissimam
1072 1301 1215 1353 potes
1267 1304 1479 1353 cupere,
1531 1302 1684 1353 quan-

294 1365 498 1418 tamque
536 1356 645 1405 mea
679 1353 886 1405 interest
921 1355 1087 1406 offerri
1124 1355 1245 1416 tibi,
1284 1350 1518 1406 notitiam
1546 1369 1684 1403 com-

296 1419 607 1471 municabit:
646 1422 782 1486 quod
817 1421 986 1489 agenti
1021 1421 1171 1473 velim
1207 1420 1326 1484 ipsi,
1365 1421 1513 1470 fidem
1565 1434 1683 1469 ean-

295 1486 411 1535 dem
446 1503 594 1553 quam
631 1487 746 1536 mihi
798 1491 966 1538 coram
1011 1488 1236 1552 praesenti
1287 1486 1555 1546 tribueres,
1602 1486 1686 1535 ha-

295 1551 443 1602 beas:
484 1553 666 1603 nemini
703 1556 1036 1618 perspectiora
1071 1571 1180 1604 mea
1219 1553 1395 1604 intima
1440 1564 1586 1602 sunt:
1635 1551 1685 1601 in

293 1633 562 1670 numerato
596 1633 741 1670 tenet
776 1637 947 1672 omnes
979 1621 1211 1671 articulos
1233 1621 1533 1683 privatarum
1554 1631 1684 1667 mea-

290 1701 398 1734 rum
434 1687 718 1736 rationum.
755 1690 873 1758 Qo
912 1703 1116 1754 egeam,
1172 1688 1345 1754 quibus
1394 1685 1511 1735 mihi
1563 1695 1687 1748 opus

291 1751 322 1801 ὰ
360 1766 411 1802 te
446 1753 652 1815 provisis
688 1752 779 1814 sit,
819 1770 896 1802 mc
934 1752 1061 1817 pene
1095 1754 1200 1817 ipso
1235 1753 1391 1805 callet
1424 1746 1629 1803 melius,

359 1820 406 1868 8.
422 1821 548 1869 Mox
567 1835 678 1870 cum
697 1818 801 1879 ejus
819 1820 1000 1870 indicio
1031 1834 1297 1883 compertae
1333 1818 1543 1886 penuriae
1563 1833 1684 1868 meae

293 1882 587 1947 subvenire,
625 1887 758 1950 quod
795 1885 1012 1936 futurum
1067 1891 1209 1937 certo
1261 1886 1394 1946 scio,
1449 1882 1680 1935 decreve-

290 1949 386 2012 xis,
424 1952 601 2001 eodem
639 1951 727 2001 illo
780 1958 944 2018 quaeso
995 1955 1144 2003 utaris
1193 1951 1468 2021 largitionis
1513 1964 1682 2014 seque-

293 2029 397 2066 stro
433 2030 558 2068 tuae.
598 2020 718 2067 Non
772 2031 845 2068 est
895 2019 980 2069 ille
1026 2021 1222 2085 quidem
1270 2023 1362 2070 huc
1414 2013 1681 2080 rediturus,

292 2095 349 2132 ut
383 2087 412 2133 a
450 2096 501 2133 te
536 2098 748 2148 accepta
784 2086 1036 2136 Lutetiam
1073 2087 1135 2135 ad
1171 2103 1249 2136 me
1285 2080 1529 2150 perferat:
1584 2097 1677 2154 εἷς-

292 2153 453 2199 terum
491 2152 642 2201 habet
677 2151 724 2201 in
761 2165 1014 2215 potestate
1034 2153 1164 2202 viam
1185 2165 1401 2209 certam,
1426 2146 1521 2214 qua
1543 2148 1681 2213 quid-

293 2215 366 2264 vis
419 2216 480 2265 ad
529 2235 618 2268 nos
668 2218 905 2270 tutissime
957 2220 1295 2270 transmittat.
1330 2219 1435 2267 Dat
1487 2229 1681 2264 mecum

294 2298 496 2340 operam
533 2284 582 2333 iu
619 2284 710 2334 hac
744 2286 863 2335 urbe
896 2287 1092 2347 studiis,
1124 2283 1330 2351 Juvenis
1362 2280 1683 2332 Almasanen-

295 2346 353 2396 sis
390 2350 503 2400 mihi
541 2351 759 2416 anilem,
795 2352 858 2402 ad
895 2369 1041 2420 quem
1077 2354 1228 2403 domo
1263 2349 1429 2413 statiS,
1466 2350 1523 2401 &
1559 2362 1679 2397 nun-

1470 2427 1615 2480 quam
