1781 2889
414 177 512 228 288
647 177 696 227 S.
732 178 1114 232 FRANCISCI
1151 181 1446 233 XAVERII

349 274 636 327 autoritatis
673 275 816 325 isthic
853 277 1004 336 Tuae,
1043 279 1098 330 &
1134 295 1401 342 personam
1438 279 1554 327 Tuae
1582 273 1742 340 Maje.

349 346 522 403 stam,
561 342 804 407 dignitate
859 343 1215 407 Magistratus,
1251 344 1740 409 repraesentantibus:

349 425 559 475 quorum
597 407 802 466 alicujus
839 409 1147 475 negligentia
1199 412 1233 459 si
1281 413 1504 462 evenisse
1541 427 1742 474 compe-

346 479 477 536 rias,
512 489 567 523 ut
604 491 706 523 non
742 473 885 523 multi
923 475 1106 524 Christi
1130 477 1327 539 Fidem,
1364 494 1426 528 eo
1461 477 1743 543 gubernan-

347 558 427 603 te,
484 541 533 588 in
588 540 705 590 loco
760 542 844 604 ipsi
899 544 1160 592 commisso
1198 543 1531 607 susceperint,
1568 559 1742 607 poenas

350 627 457 675 quae
495 607 559 656 ob
597 608 879 674 neglectum
918 609 1238 675 obligationis
1291 622 1443 660 tantae
1499 607 1549 657 in
1602 622 1742 664 tuum

345 677 493 741 ipsius
530 675 873 739 impenderent
909 688 1095 739 caput>
1135 679 1205 726 Te
1257 673 1304 724 in
1354 675 1505 740 ipsum
1541 691 1739 725 aversu-=

282 800 285 801 ⁷
347 741 491 805 rum3
530 757 640 791 cum
676 740 772 801 jam
810 755 961 790 antea
1018 740 1149 792 clare
1205 741 1609 801 denunciaveri5‚
1665 754 1742 790 to-

349 823 457 860 tum
494 809 626 858 istud
661 807 996 874 gravissimum
1034 807 1283 870 officium,
1322 807 1607 857 imbuendas
1659 823 1742 856 cu-

351 875 492 926 randi
531 874 645 925 Fide
683 873 863 923 Christi
901 891 1086 922 animas
1123 873 1404 925 Iiifidelium
1440 873 1529 924 tibi
1584 872 1742 932 subje-

347 955 578 1002 ctorum,
634 953 685 989 te
724 939 770 988 in
808 952 918 995 tuos
957 941 1214 992 Primarios
1267 942 1441 992 horum
1493 952 1742 993 tractuum

349 1009 612 1059 Ministros
649 1022 942 1055 exonerasse
964 1045 977 1057 .

416 1077 462 1125 8.
496 1073 710 1139 Qoties
730 1071 874 1140 igitur
892 1075 953 1122 ad
973 1087 1025 1124 te
1043 1086 1222 1137 praetor
1235 1085 1322 1123 aut
1351 1070 1608 1140 praefectus
1629 1069 1742 1121 scri-

349 1141 471 1202 bet,
510 1152 732 1204 exponat
769 1156 866 1204 quo
905 1140 1021 1191 loco
1060 1140 1342 1190 Christiana
1376 1155 1448 1189 res
1483 1140 1576 1190 sit:
1615 1150 1740 1203 quot

347 1209 406 1260 &
444 1207 526 1274 qui
564 1206 832 1272 quales-ve
868 1207 1172 1257 crediderint
1223 1223 1284 1256 ex
1339 1205 1582 1257 ethnicis:
1633 1220 1739 1271 quae

349 1290 458 1337 spes
494 1274 556 1324 sit
590 1288 762 1337 quaeve
799 1271 1010 1323 facultas
1046 1274 1448 1323 adducendorum
1501 1271 1735 1330 aliorum,

343 1340 498 1389 literis
552 1338 652 1399 ejus
706 1337 851 1399 solis,
890 1340 936 1388 in
974 1340 1045 1390 his
1082 1358 1186 1405 quae
1225 1341 1286 1389 de
1323 1341 1634 1404 hoc'genere
1665 1335 1737 1386 fe-

346 1420 553 1467 runtur,
590 1406 735 1455 fidem
775 1405 1107 1454 adhibiturum
1157 1420 1238 1467 te3
1293 1404 1399 1453 aliis
1452 1402 1738 1470 quorumvis

343 1491 407 1522 eo
455 1473 516 1520 de
575 1484 872 1537 argumento
925 1472 1147 1535 scriptiS,
1204 1488 1305 1520 non
1359 1471 1738 1534 acquieturum.

343 1539 496 1609 Qod
531 1537 572 1586 si
608 1554 668 1587 eo
720 1537 768 1584 in
823 1537 939 1586 loco
978 1539 1054 1586 vel
1095 1536 1355 1587 Provincia
1405 1535 1483 1585 cui
1531 1536 1737 1602 quisque

341 1617 551 1669 praeest,
588 1619 649 1652 eo
687 1615 912 1666 tempore
949 1620 1048 1667 quo
1087 1601 1280 1663 nraefuit
1313 1636 1324 1662 ,
1364 1604 1533 1666 parum
1589 1615 1738 1651 aucta

341 1687 548 1719 numero
588 1671 955 1734 neophytorum
976 1670 1196 1720 Ecclesia
1223 1682 1392 1719 nostra
1416 1671 1599 1719 Sancta
1631 1665 1738 1718 fue-

338 1739 435 1798 rit,
475 1751 585 1785 cum
623 1748 824 1786 constet
846 1736 1054 1785 multum
1076 1737 1258 1801 ubique
1279 1751 1336 1783 ac
1355 1743 1547 1798 semper
1567 1734 1734 1800 augeri

341 1820 521 1868 posse,
562 1804 715 1851 modo
752 1800 981 1852 Proesides
1021 1803 1216 1864 velint3
1254 1800 1459 1863 serioac
1480 1801 1572 1850 fide
1601 1801 1736 1866 regia

343 1868 615 1920 denunciet
675 1867 913 1928 Maiestas
961 1869 1066 1917 Tua
1105 1868 1215 1933 ipsis
1265 1867 1314 1916 in
1362 1865 1736 1931 Diplomatibus

341 1937 516 2003 quibus
569 1951 653 1984 eos
704 1935 918 1985 instituis
955 1936 1011 1988 &
1052 1947 1355 2000 potestatem
1402 1933 1624 1994 confers,
1663 1934 1735 1984 Te

339 2019 513 2070 poenas
551 2002 612 2049 ab
649 2001 759 2064 ipsis
796 2002 1122 2064 repetiturum
1159 2039 1170 2050 .

407 2090 455 2137 9.
495 2069 651 2131 quue
689 2083 1006 2131 percuperem
1031 2071 1100 2118 Te
1123 2064 1444 2128 iureiurando
1474 2063 1737 2117 confirma-

337 2152 421 2194 re,
463 2133 784 2198 pollicerique
822 2134 982 2198 palam
1009 2134 1318 2198 interposito
1370 2130 1576 2182 solemni
1636 2130 1737 2180 for-

337 2201 471 2252 mula
520 2202 778 2261 conceptis
835 2201 992 2250 verbis
1043 2200 1143 2250 Dei
1201 2199 1454 2260 Nomine;
1509 2200 1612 2257 Te,
1649 2213 1737 2261 per

338 2282 688 2332 quemcunque
728 2268 983 2316 Praesidem
1021 2266 1248 2327 steterit,
1288 2282 1348 2315 ne
1386 2264 1504 2313 fides
1554 2279 1734 2327 propa-

339 2347 484 2401 getur
509 2369 522 2396 ,
560 2350 701 2395 eum,
738 2347 999 2399 postquam
1036 2332 1234 2385 redierit
1283 2332 1332 2380 in
1388 2329 1729 2391 Lusitaniam,

1538 2395 1661 2446 mul-
