1781 2889
221 178 725 232 EmsToLARUM.
759 176 861 224 Lib.
889 176 1165 239 1[.Ep.lV.
1304 190 1390 240 191

83 277 218 339 cuius
255 275 445 327 ditione
481 273 638 326 insula
675 285 780 334 est,
818 272 1096 336 complures
1118 272 1451 342 Neophytos,

85 345 217 410 qubd
266 340 532 392 Christiani
585 338 707 388 facti
761 354 949 398 essent,
1003 340 1327 393 crudelissime
1365 356 1449 388 ne-

80 410 243 458 cavit.
278 405 637 460 Gratulandum
675 419 747 453 est
782 406 977 454 Christo
1034 405 1253 455 Domino
1275 438 1288 462 ,
1335 407 1446 469 qui,

81 490 145 527 ne
181 474 350 523 nostra
402 473 597 535 quidem
650 484 976 533 tempestate,
1029 471 1140 518 sinit
1187 471 1450 522 desiderari

82 553 318 602 martyres
340 575 351 587 .
386 542 451 590 Et
488 537 720 601 quoniam
757 536 924 588 divina
960 536 1266 603 benignitate
1301 550 1451 601 atque

82 605 393 670 indulgentia
445 617 547 653 tam
584 618 767 665 paucos
804 603 876 651 uti
911 602 1044 656 videt
1096 603 1157 653 ad
1207 602 1447 665 salutem,

37 679 41 686 ‘
83 687 173 734 pro
210 685 295 717 sua
332 670 560 736 singulari
597 669 906 731 providentia
947 667 1218 730 permittit,
1273 683 1328 718 ut
1365 686 1484 732 per·

77 738 343 787 humanam
379 735 724 784 crudelitatem
762 735 1056 796 expleantur
1091 735 1344 784 destina-tae
1378 751 1451 785 se·

84 803 194 861 des,
232 817 290 850 ac
327 817 550 855 numerus
587 802 878 849 beatorum.
916 799 1090 862 Scripsi
1126 801 1188 854 ad
1226 816 1311 849 vos
1364 816 1449 851 an-

80 873 190 928 tea,
230 869 410 917 Praetor
448 867 598 916 indiae
636 870 780 930 quum
816 865 998 913 amicus
1038 865 1153 914 mihi
1174 865 1258 925 sit,
1282 867 1448 916 Socie-

78 934 271 997 tatique
306 933 570 982 universae.
606 934 651 982 Is
689 931 1012 982 miserabilem
1063 933 1449 994 Neophytorum

83 1001 271 1048 caedem
308 1014 454 1062 usque
492 1004 554 1050 ef)
589 999 805 1063 graviter
855 1011 1003 1061 atque
1056 996 1247 1063 indigne
1299 997 1446 1059 tulit,

77 1079 134 1114 ut
166 1063 307 1113 simul
344 1078 494 1128 atque
529 1079 671 1126 super
707 1065 798 1114 hac
835 1080 885 1112 re
920 1078 1066 1127 agere
1101 1079 1211 1113 cum
1248 1078 1308 1113 eo
1346 1080 1448 1113 coe-

79 1130 155 1194 pi,
194 1129 405 1179 validam
443 1129 645 1178 classem
682 1130 744 1176 ad
780 1129 976 1190 tyranni
1014 1127 1139 1176 illius
1184 1129 1450 1191 perniciem

75 1195 308 1244 adornari
361 1194 580 1253 jusserit.
622 1196 798 1257 Itaque
852 1207 1048 1246 necesse
1102 1191 1221 1252 fuit,
1271 1192 1446 1249 justam

84 1260 187 1319 ejus
224 1261 342 1309 iram
376 1275 463 1323 per
496 1276 574 1308 me
607 1259 760 1322 ipsum
798 1258 1173 1324 mitigari.Rex
1207 1258 1289 1310 ille
1307 1261 1449 1310 Chri-

75 1327 346 1376 stianorum
383 1325 675 1374 interfector
710 1340 995 1391 germanum
1051 1324 1228 1383 habet,
1279 1342 1447 1374 verum

80 1391 217 1457 regni
254 1392 383 1441 illius
422 1392 679 1451 heredem,
733 1391 815 1439 sed
868 1389 1094 1440 fraternae
1142 1390 1448 1441 crudelitatis

77 1473 210 1506 metu
261 1458 582 1507 exulantem.
620 1460 663 1507 Is
697 1456 734 1504 si
768 1456 909 1506 armis
963 1473 990 1505 a
1038 1457 1253 1509 Praetore
1309 1459 1448 1507 resti·

76 1536 245 1572 tuatur
278 1524 328 1573 in
362 1540 593 1588 regnum,
629 1521 892 1585 pollicetur
927 1538 975 1571 se
1011 1537 1120 1573 cum
1158 1522 1293 1587 regni
1311 1524 1446 1571 Prin-

75 1588 260 1652 cipibus
297 1587 404 1637 fore
443 1587 804 1638 Christianum.
839 1588 1090 1655 Qiocirca
1114 1590 1294 1636 Praetor
1312 1604 1447 1636 man-

81 1654 220 1703 davit
273 1653 494 1702 Ducibus
551 1654 670 1713 suis,
706 1666 759 1701 ut
795 1653 863 1712 ei,
902 1653 938 1699 si
985 1652 1261 1701 Christiana
1311 1669 1447 1703 sacra

76 1718 371 1782 susceperit,
408 1735 611 1784 regnum
649 1718 940 1776 restituant,
978 1720 1171 1782 Regem
1210 1720 1450 1782 Neophy-

76 1798 241 1835 torum
277 1784 556 1836 carnificem
594 1783 859 1843 occidant,
897 1795 981 1832 aut
1018 1785 1077 1832 ad
1115 1799 1275 1832 meum
1313 1786 1441 1834 arbi-

78 1851 225 1901 trium
262 1863 515 1899 tractent.
551 1849 791 1914 Equidem
849 1865 947 1897 non
1001 1848 1168 1899 diffido
1221 1848 1355 1910 fore,
1392 1863 1447 1902 ut

74 1929 179 1967 tum
218 1932 422 1975 eorum,
459 1930 581 1979 quos
617 1913 857 1978 martyri&
894 1913 1095 1977 affecit,
1133 1915 1445 1979 deprecatio-

78 1998 142 2032 ne
178 1982 334 2030 scelus
371 1992 611 2046 agnoscat
646 1983 702 2034 &
738 1981 1013 2030 caecitatem
1051 1985 1455 2045 suam‚actaque

78 2046 279 2096 salutari
316 2045 640 2110 poenitentia,
677 2047 874 2094 veniam
911 2046 1178 2109 aliquando
1215 2045 1449 2111 impetret

77 2117 108 2163 ὲ,
147 2114 293 2162 DEO
329 2125 433 2162 tam
472 2110 667 2161 nefariae
702 2112 1037 2169 crudelitatis.

139 2196 188 2241 4.
236 2178 468 2227 Ceilanus
521 2176 674 2225 insula
726 2190 800 2225 est
849 2178 909 2225 ab
961 2177 1110 2226 Indiae
1163 2176 1444 2228 continenti

78 2244 231 2293 millia
275 2259 497 2306 passuum
546 2243 739 2290 circiter
793 2245 958 2293 CXX.
994 2246 1091 2306 qui)
1145 2258 1237 2308 ego
1295 2259 1448 2304 nuper

80 2308 339 2361 Francisco
378 2307 612 2364 Mansilla
647 2307 832 2364 comite
866 2307 1119 2377 profectus
1170 2324 1304 2357 sum.
1353 2310 1449 2360 Hie

1208 2376 1385 2439 Dyna-
