1781 2889
396 224 495 292 256
630 225 679 274 S.
719 223 1092 274 FRANCISCI
1127 223 1429 275 XAVERII
1501 273 1509 278 ,
1558 261 1562 266 -

332 322 503 386 capite
555 320 826 386 praesertim
883 332 1237 386 propagante:,
1285 323 1356 371 ita
1408 319 1458 368 in
1511 336 1723 384 corpore

327 389 546 453 mystico
586 386 771 452 (quale
821 400 898 435 est
936 387 1158 437 Ecclesia
1206 387 1343 447 ‘cujus
1377 400 1532 450 caput
1564 387 1724 448 ,Chri-

327 472 430 507 stus
468 455 583 519 est)
622 452 840 501 memb-ra
860 451 1083 519 singula,
1121 455 1220 503 hoc
1256 468 1358 516 est,
1396 453 1587 504 Fideles
1605 470 1725 503 cun-

326 524 429 581 cti,
467 519 706 569 hauriunt
755 535 957 571 succum
994 535 1232 570 arcanum
1271 538 1370 585 quo
1423 521 1725 587 vegetantur

325 591 384 641 &
422 597 668 653 augentur
703 601 764 634 ex
802 586 1060 652 unigenito
1101 587 1202 635 Dtei
1238 587 1361 637 Filio
1397 588 1596 637 Christo
1624 588 1724 651 JE-

324 656 436 714 SU,
473 654 549 702 cui
587 666 641 701 ut
663 650 842 701 vertici
879 653 1167 702 adhaeren‘t:
1205 652 1565 703 nutrimentum
1589 654 1724 704 enirn

322 720 440 770 inde
478 719 570 767 illis
607 717 838 768 intimum
875 717 1040 768 affluit
1076 719 1327 770 alimoniae
1365 719 1610 781 coelestis,
1633 736 1738 784 per*

322 785 523 837 canales
561 786 775 835 maxime
814 798 1006 849 septem
1047 787 1490 837 Sacramentorum
1526 787 1719 837 deriva-

320 868 461 905 tum.
513 855 586 903 Ea
622 865 738 902 sunt
775 851 1080 913 Baptismus,
1137 853 1470 904 Confirmatio
1493 886 1506 913 ,
1555 853 1722 903 Christ

324 938 406 971 ma
445 918 597 986 vulgo
635 920 802 977 dicta,
841 917 1184 980 Eucharistia,
1238 919 1582 981 Poenitentia,
1619 921 1719 968 Ex-

324 1001 483 1039 trema
521 985 730 1048 unctio,
771 986 945 1045 Ordo,
985 986 1400 1049 Matrimonium,
1439 985 1610 1050 quibus
1645 1001 1721 1034 sa-

321 1055 410 1104 cris
449 1052 694 1116 mysteriis
729 1052 1028 1118 quicumque
1065 1069 1174 1102 cum
1211 1053 1380 1103 debita
1437 1051 1718 1117 dispositio-

324 1137 390 1170 ne
426 1119 722 1180 initiantur,
760 1118 832 1166 illi
865 1118 1078 1187 gratiam
1115 1118 1426 1170 habitualem
1461 1117 1719 1182 accipiunt

323 1185 408 1238 vel
445 1200 668 1254 augent3
707 1185 1007 1251 qualitatem
1044 1188 1220 1236 animae
1244 1187 1495 1237 vivificam
1528 1187 1557 1235 a
1598 1187 1716 1235 Deo

322 1270 618 1303 concessam
672 1251 882 1319 indignis
928 1269 1016 1317 per
1052 1271 1103 1303 se
1160 1252 1479 1314 mortalibus,
1527 1250 1716 1301 intuitu

323 1323 625 1373 Sanctorum
676 1319 898 1383 Operum
945 1322 973 1369 a
1012 1319 1212 1370 Christo
1249 1321 1364 1369 dum
1419 1319 1612 1371 viveret
1661 1314 1713 1367 in

320 1386 462 1438 terris
517 1398 866 1450 patratorum.
935 1388 1068 1455 Qia
1117 1387 1247 1436 enim
1302 1385 1415 1446 ille,
1473 1397 1528 1435 ut
1577 1384 1714 1435 Patri

317 1454 708 1518 obsequeretur,
760 1465 841 1501 tot
878 1453 1010 1501 mala
1047 1451 1317 1513 toleravit,
1368 1464 1450 1501 tot
1487 1468 1547 1500 ac
1601 1463 1712 1500 tan-

315 1534 392 1571 tas
429 1516 629 1577 iniurias
665 1518 722 1571 ὃς
757 1518 1086 1568 contumelias
1123 1518 1297 1569 volens
1333 1517 1562 1582 pertulit,
1623 1517 1711 1565 do-

316 1587 449 1637 lores
487 1584 702 1649 denique
738 1585 1081 1634 acerbissimos
1119 1588 1436 1649 Crucemque
1485 1601 1546 1634 ac
1582 1599 1716 1632 mor-

314 1667 421 1704 tem
461 1651 593 1700 ultro
628 1650 804 1710 subiit,
847 1652 1132 1700 mercedem
1156 1650 1475 1716 quantamvis
1511 1649 1605 1699 illis
1643 1646 1716 1697 fa-

315 1722 407 1770 ctis
463 1731 537 1768 est
572 1717 821 1765 lucratus.
877 1720 1034 1767 Porro
1072 1717 1199 1767 idem
1258 1734 1316 1767 ex
1357 1733 1406 1766 se
1441 1716 1565 1767 felix
1619 1714 1712 1764 tali

316 1789 458 1836 lucro
497 1800 598 1834 non
637 1783 890 1849 indigens,
948 1783 1020 1844 jus
1057 1785 1119 1833 ad
1167 1782 1286 1832 illud
1323 1800 1465 1833 suum
1519 1784 1569 1832 in
1626 1797 1716 1831 nos

316 1850 586 1912 transfert,
641 1849 830 1915 sibique
870 1850 1083 1914 imputat
1137 1851 1272 1916 quod
1310 1867 1371 1899 ex
1426 1849 1512 1900 illa
1571 1847 1717 1898 nobis

317 1918 545 1986 proficit.
583 1916 717 1966 Hinc
753 1934 858 1980 quae
895 1916 1156 1967 confertur
1192 1916 1335 1965 nobis
1387 1915 1581 1982 gratia,
1607 1911 1714 1962 -fru-

315 2000 424 2037 ctus
473 1983 766 2034 meritorum
821 1983 1007 2034 Christi
1045 1996 1151 2045 est,
1207 1983 1264 2036 &
1316 1982 1526 2034 influxus
1577 1979 1715 2046 quasi

318 2051 498 2116 capitis
535 2050 583 2098 in
622 2050 875 2099 membra.

390 2133 466 2186 35.
502 2117 950 2186 Quemadmodum
997 2119 1144 2173 ‘vero
1202 2132 1302 2164 non
1356 2113 1511 2165 solum
1564 2124 1719 2176 caput

318 2186 553 2244 subiectis
591 2184 821 2244 artubus,
860 2183 943 2232 sed
994 2183 1215 2232 membra
1254 2181 1407 2232 etiam
1443 2195 1493 2229 se
1547 2177 1717 2228 occul-

317 2255 380 2304 tis
418 2249 671 2301 afflatibus
711 2254 888 2300 mutuo
925 2247 1135 2310 fovent,
1173 2249 1314 2298 alunt
1349 2247 1407 2300 ὅτ
1439 2257 1715 2319 vegetant;

315 2321 431 2380 ita,
469 2316 712 2380 prrccipu&
751 2317 982 2382 quidem,
1022 2333 1119 2364 non
1158 2329 1327 2366 tamen
1365 2312 1573 2361 omnino
1607 2326 1714 2360 uni-

323 2391 415 2450 ce,
472 2386 689 2436 ditamur
743 2383 1132 2450 participatione
1191 2383 1710 2496 thesauroi‘uighquos

1584 2461 1645 2495 ri-
