1781 2889
195 160 679 231 EPISTOLARUM
697 193 709 205 .
731 159 832 207 Lib.
853 161 918 208 ΙΙ.
939 162 1025 225 Ep.
1047 163 1192 211 XIX.
1263 178 1360 232 297

126 279 174 326 4.
211 260 442 308 Nondum
488 257 632 320 plane
690 258 955 318 constitui,
992 256 1150 308 utrum
1197 275 1296 326 ego
1332 260 1434 324 ipse

64 342 175 376 cum
212 342 308 374 uno
345 339 429 373 aut
462 325 622 373 altero
657 326 682 372 ὲ
720 324 973 373 Societate
1005 325 1271 389 Japoniam
1326 339 1439 388 post

61 390 406 455 sesquiannum
466 403 660 453 petam,
711 405 773 436 an
825 396 887 439 eo
923 392 1043 438 duos
1095 394 1120 440 ὲ
1173 393 1434 441 Societate·

56 455 376 521 praemittam.
414 457 547 504 Nam
584 469 769 504 certum
806 470 878 504 est
913 456 1026 503 mihi
1065 469 1150 505 aut
1186 456 1283 518 ire,
1341 469 1432 507 aut

58 522 181 570 alios
218 521 442 570 mittere:
482 535 629 586 atque
665 533 718 568 ut
755 537 884 568 nune
920 535 1018 581 est,
1056 522 1267 571 inclinat
1323 523 1427 570 ani-

61 602 164 636 mus
200 588 247 634 in
284 587 542 635 consilium
579 586 755 635 eundi.
791 589 997 636 DEUM
1034 604 1155 645 oro,
1209 601 1262 636 ut
1298 588 1432 652 quod

57 652 212 719 magis
248 652 293 700 ei
328 652 465 701 cordi
500 664 599 712 est,
636 653 681 699 id
717 651 904 715 liquido
952 654 1232 716 praescribat
1278 655 1424 701 mihi.

62 720 103 770 E
139 717 292 767 tribus
330 718 511 778 Sociis,
547 717 626 782 qui
659 719 923 777 Molucum
960 719 1232 782 petierunt,
1271 721 1431 768 visum

62 797 138 834 est
173 799 318 831 unum
356 784 564 849 eligere,
621 783 698 846 qui
746 798 971 847 praeesset
1006 786 1180 834 ceteris
1203 822 1213 832 .
1252 787 1431 850 Itaque

55 852 305 915 Joannem
343 850 529 897 Beiram
582 849 766 913 delegi,
818 850 895 897 cui
943 849 1115 913 reliqui
1168 851 1427 914 obtempe-

57 928 224 965 rarent
260 931 357 963 non
394 918 528 963 secus
567 931 625 963 ac
662 916 782 962 tibi.
817 916 871 964 Id
909 914 1000 961 illis
1030 930 1309 981 pergratum
1347 933 1428 965 ac-

59 981 212 1030 cidit.
249 982 385 1029 Idem
424 982 470 1027 in
507 982 852 1029 Promontorio
888 982 1192 1041 Comorino,
1231 982 1435 1032 ceteris-

61 1062 156 1111 que
209 1046 360 1106 locis,
416 1046 496 1093 ubi
550 1046 710 1108 plures
761 1049 785 1095 ὲ
835 1046 1089 1094 Societate
1145 1060 1431 1109 versantur,

58 1111 314 1161 instituere
351 1112 554 1176 cogito.
592 1113 663 1159 Tu
703 1111 849 1159 velim
886 1111 972 1159 tua
1025 1116 1195 1175 tuique
1243 1113 1430 1162 studio-

56 1194 218 1227 sorum
254 1177 608 1239 deprecatione
645 1177 782 1224 nobis
818 1177 864 1223 in
903 1178 993 1224 hac
1042 1177 1263 1227 barbarie
1317 1195 1426 1228 ver·

55 1243 271 1291 santibus
308 1242 554 1290 caelestem
591 1241 820 1303 implores
857 1258 1029 1304 opem.
1078 1244 1231 1313 Qiod
1266 1255 1321 1292 ut
1357 1242 1428 1291 fa-

55 1308 152 1357 cias
189 1306 484 1369 impensius,
524 1308 729 1356 DEUM
776 1307 1105 1356 immortalem
1162 1325 1283 1368 oro,
1339 1307 1429 1357 tibi

58 1386 113 1422 ut
167 1374 397 1423 ostendat
450 1371 704 1431 divinitus,
761 1386 997 1436 quantum
1051 1390 1144 1438 ego
1198 1386 1292 1422 tuae
1347 1372 1432 1423 vel

58 1438 194 1502 opis,
232 1438 308 1488 vel
346 1453 507 1499 operae
544 1438 819 1505 indigeam.
856 1439 1265 1487 xlm-Kalendas
1294 1441 1432 1490 Febr.

56 1505 188 1556 Anni
222 1508 250 1553 ἐι
285 1504 480 1552 Christo
517 1518 638 1552 nato
676 1505 1024 1555 MDXLVIII.
1058 1505 1234 1553 Cocini
1256 1541 1267 1553 .

338 1635 378 1683 E
413 1635 448 1682 P
482 1635 504 1682 I
541 1635 571 1681 S
608 1633 648 1680 T
686 1634 733 1681 O
770 1634 805 1681 L
844 1634 887 1680 A
955 1637 1005 1683 X
1041 1638 1122 1685 X.

441 1733 514 1780 M.
535 1729 723 1779 Simoni
758 1731 1037 1781 Roderico.

61 1833 286 1899 Egregios
320 1836 652 1880 concionatores
673 1832 905 1895 postulat,
940 1833 1241 1899 probatosque
1274 1847 1427 1896 opera-

125 1904 215 1946 rios
247 1918 262 1947 .·
313 1899 659 1946 saluberrimum
713 1899 941 1945 consilium
1007 1904 1121 1962 Regi
1175 1902 1378 1949 dandum
1412 1931 1426 1959 ‚

125 1968 334 2029 ratioque
370 1964 492 2024 fidei
528 1963 587 2010 ab
637 1962 784 2009 eodem
818 1968 1159 2029 propagandae.

320 2062 494 2110 Gratia
531 2061 588 2112 &
624 2059 846 2109 Charitas
882 2064 947 2111 D.
967 2062 1033 2112 N.
1053 2064 1157 2115 &a

62 2177 106 2211 1.
288 2160 428 2210 Ando
466 2158 761 2217 tibi‚Frater
797 2160 1098 2223 charissime,
1134 2175 1190 2211 ut
1223 2179 1310 2226 pro
1328 2174 1418 2212 tuo

315 2242 427 2291 erga
460 2226 681 2289 JESUM
719 2240 888 2274 amore
924 2228 1091 2277 mittas
1116 2231 1208 2278 huc
1230 2229 1421 2293 aliquot

55 2293 84 2343 ὲ
118 2304 286 2342 nostra
323 2292 578 2343 Societate
614 2292 1034 2344 Concionatores.
1070 2293 1426 2367 Huiuscemodi

1225 2377 1354 2412 enim
