1781 2889
335 228 371 265 ι,
625 194 1334 256 'PROLEGOMENA

275 301 544 382 leguntur:
600 305 881 367 Exemplum
939 305 1149 367 Epistolae
1207 305 1254 351 S.
1291 303 1529 350 Francisci
1564 303 1667 350 Xa-

279 375 406 420 verii
439 375 619 434 scriptae
654 370 720 416 ad
756 373 1062 432 capitaneum
1084 373 1415 446 Aspilcuetani
1434 386 1534 430 ejus
1559 369 1670 432 fra-

278 451 430 495 trem,
468 437 790 484 diversantem
831 436 1021 496 Ohmzi,
1060 441 1137 502 qui
1175 437 1296 484 locus
1332 436 1481 483 tribus
1534 436 1673 484 leucis

280 506 557 567 Pampelona
594 502 776 549 distat.
818 504 1006 563 Scripta
1043 516 1193 549 autem
1214 516 1279 550 est
1300 517 1377 549 an
1395 502 1507 549 Chr.
1534 518 1673 576 1535.

278 571 359 620 Ita
406 570 504 619 ibi:
564 565 867 616 rectissimo.
915 568 1036 621 Non
1073 568 1203 616 enim
1255 579 1328 616 est
1381 567 1584 616 dubium
1622 582 1672 616 111

279 638 451 685 nostia
506 633 771 692 Historia,
829 634 1066 688 Sanctum
1121 633 1402 700 Iguuium,
1450 633 1526 682 cui
1581 636 1674 683 Lu

276 704 406 752 tetra
455 701 506 749 in
559 699 852 762 Hispaniam
904 675 1238 763 proficiscenti
1286 702 1390 755 haec
1450 699 1674 764 Epistola
1731 707 1734 710 ’

278 769 466 821 tradita
504 779 579 816 est
616 764 849 827 ferenda,
888 780 1168 815 memorato
1206 782 1341 816 anno
1381 780 1516 839 1535.
1544 767 1676 816 istud

278 833 375 892 iter
428 832 734 914 suscepisse.
780 833 961 885 Verum
1014 835 1075 881 de
1130 833 1260 881 Anni
1317 844 1544 896 tempore
1597 833 1676 882 cui

278 902 592 965 potissimum
625 900 719 947 ista
754 899 925 948 Sancti
965 897 1119 949 Patris
1158 896 1409 962 profectio
1428 899 1678 966 assignan-

279 970 341 1017 da
378 967 472 1027 sit,
512 964 859 1023 controversia
896 979 971 1015 est
1006 966 1137 1014 inter
1161 964 1469 1035 antiquiores
1490 968 1678 1016 Rerum

275 1048 561 1101 postrarum
619 1033 924 1095 Scriptores>
963 1034 1020 1084 δε
1056 1045 1311 1081 recentem
1370 1032 1680 1081 accuratissi-

279 1117 413 1150 mum
472 1098 739 1173 Danielem
781 1097 1073 1149 Bartolum.
1129 1099 1260 1155 Nam
1313 1099 1536 1171 Joannes
1588 1101 1683 1148 Po-

277 1166 453 1215 lancus
490 1167 539 1213 in
578 1164 804 1214 Historia
842 1165 1114 1222 Societatis
1153 1164 1532 1229 Manuscripta‚
1571 1181 1680 1230 quae

280 1245 562 1282 asservatur
610 1231 658 1279 in
714 1231 908 1289 Nostro
947 1231 1131 1279 Archio
1180 1233 1444 1291 Romano,
1500 1230 1681 1281 diserte:

280 1299 471 1350 tradit:
530 1297 616 1346 sub
665 1297 810 1355 finem
862 1296 980 1344 anni
1041 1310 1178 1362 1535.
1230 1295 1515 1360 profectum
1574 1313 1679 1347 esse

281 1368 522 1416 Sanctum
561 1367 753 1413 Patrem
793 1362 990 1412 Lutetia
1026 1363 1072 1411 in
1113 1363 1446 1427 Hispaniam.-
1499 1376 1553 1413 at
1591 1366 1680 1428 Jo-

280 1448 436 1482 annes
475 1434 640 1480 Petrus
676 1428 906 1489 Maffejus
950 1429 1076 1478 Vitae
1115 1431 1298 1496 Ignatii
1335 1430 1439 1480 Lib.
1487 1448 1531 1481 2.
1569 1447 1681 1494 cap.

319 1498 644 1548 .discessisse
679 1496 816 1544 illum
870 1495 985 1544 inde
1022 1500 1160 1545 Anno
1202 1511 1338 1565 1535.
1380 1513 1462 1561 per
1496 1512 1683 1547 autum-

282 1569 333 1614 ni
386 1579 604 1637 tempus,
677 1561 920 1613 affirmat.
976 1565 1237 1678 I’Ytremo
1292 1564 1536 1612 Nicolaus
1587 1565 1685 1613 Or-

280 1630 511 1680 landinus
549 1629 653 1680 Lib.
696 1647 738 1681 1.
778 1630 909 1680 Hist.
944 1630 1009 1678 So
1097 1645 1210 1677 num
1257 1649 1340 1697 99.
1377 1629 1688 1697 vergentead

284 1702 465 1747 exitum
502 1697 645 1759 hujus
682 1700 835 1746 saeculi
871 1712 993 1744 anno
1031 1703 1191 1761 quinto
1226 1712 1281 1745 ac
1309 1702 1596 1771 'trigesimoz
1611 1711 1684 1745 re

280 1763 412 1814 lictis
450 1763 661 1812 Lutetiae
696 1762 839 1814 sociis
874 1764 922 1821 S.
946 1762 1196 1828 Ignatium
1230 1779 1280 1814 se
1308 1780 1357 1812 111
1392 1763 1687 1827 Hispaniam

283 1829 554 1879 contulisse
605 1843 854 1879 memorat
891 1866 903 1878 .
957 1833 1080 1880 Haec
1128 1829 1323 1881 invicto
1389 1842 1686 1897 argumento

280 1895 652 1946 evidentissime}
692 1895 920 1947 Bartolus
965 1893 1185 1956 refellit,
1238 1896 1321 1944 lib.
1367 1914 1412 1949 2.
1446 1871 1527 1947 ode
1568 1895 1689 1946 Vita

265 1961 334 2013 ’8.
369 1962 549 2029 Ignatii
609 1978 741 2011 nurn.
795 1979 869 2031 23.
911 1963 1256 2013 demonstrans
1301 1979 1361 2013 ex
1413 1963 1552 2013 certa
1590 1962 1687 2011 fide

281 2033 528 2081 Actorum
562 2029 734 2078 Sancti
772 2029 931 2079 Patris
965 2029 1014 2077 in
1052 2029 1327 2093 Hispania,
1366 2027 1511 2080 fuisse
1548 2027 1687 2077 illum

281 2097 533 2158 Aspetiae‚
584 2099 739 2160 prope
792 2095 963 2146 natale
1014 2098 1244 2146 Castrum
1295 2097 1532 2160 Loyolae‚
1569 2108 1690 2144 ante

283 2160 464 2211 festum
504 2162 824 2212 Ascensionis
863 2163 1047 2212 Christi
1106 2163 1192 2212 illo
1248 2179 1383 2212 anno
1441 2176 1575 2235 1535.
1611 2176 1694 2211 ce·

281 2228 569 2278 lebraturn·
561 2242 760 2295 ‚atque
797 2229 928 2279 adeo
968 2230 1144 2279 decem
1179 2230 1347 2278 diebus
1383 2244 1464 2292 qui
1505 2232 1693 2278 Ascen-

282 2294 470 2345 sionem
506 2297 563 2348 &
598 2298 950 2346 Pentecostem
1007 2297 1286 2355 intersunt,
1339 2296 1513 2343 decem
1570 2293 1691 2368 legis

282 2361 387 2411 Dei
422 2376 704 2427 praecepta,
759 2364 1128 2430 ununquodque
1181 2362 1399 2427 ipsorum
1449 2361 1533 2410 uni
1588 2361 1687 2412 diei

1502 2427 1618 2476 assi-
