1781 2889
376 237 431 295 31
445 241 472 276 2
605 224 654 272 S.
690 219 1060 272 FRANCISCI
1097 221 1392 274 XAVERII

314 334 514 371 rarent.
571 319 786 370 Multum
842 317 992 368 etiam
1048 321 1283 384 temporis
1335 319 1586 385 ponebam
1650 322 1701 374 in

316 389 568 439 discordiis
604 384 971 450 inimicitilsque
1007 385 1267 445 tollendis,
1324 405 1428 452 quae
1465 388 1593 439 inter
1612 392 1704 441 Lu-

313 457 501 506 sitanos
524 454 652 502 viros·
702 451 960 501 bellicosos
997 448 1143 500 facile
1180 453 1419 502 existunt.
1445 457 1698 505 Catechis-

318 539 402 571 mo
449 519 706 577 absoluto,-
762 517 917 580 pueris
953 532 1010 564 ac
1050 518 1329 581 Neophytis
1364 521 1584 582 Symboli
1619 539 1704 572 ex-

315 587 643 653 plicationem
681 583 989 632 inculcabam
1027 583 1191 645 patrio
1225 583 1436 646 ipsorum
1466 589 1698 654 vulgique

317 670 574 711 sermone,
613 664 669 700 ut
705 650 1041 713 perciperetur
1075 649 1136 696 ab
1173 648 1424 700 omnibus:
1462 652 1591 702 idem
1612 671 1700 702 an·

317 733 400 770 tea
439 721 485 767 in
527 718 735 768 Moluco
774 714 1021 775 feceram,
1059 728 1113 764 ut
1148 731 1318 765 eversa
1345 717 1594 768 Idolorum
1617 737 1694 768 su-

317 785 641 852 perstitione,
683 783 729 830 in
767 797 938 830 eorum
975 781 1145 830 animis
1184 782 1320 831 firma
1357 780 1568 841 jacerem
1591 785 1702 834 fun-

316 855 552 902 damenta
591 849 886 899 Christianae
925 848 1203 914 religionis.
1257 852 1379 900 Haec
1430 851 1701 914 explicatio

317 936 417 970 uno
455 934 586 967 anno
624 915 752 965 tradi
790 916 1049 964 commode
1094 927 1265 980 potest
1300 914 1476 964 vicena
1503 919 1701 967 circiter

319 985 547 1051 quotidie
584 983 734 1032 verba
771 980 1097 1041 inculcando,
1148 994 1202 1030 ut
1249 984 1279 1032 a
1330 981 1526 1031 rudibus
1565 985 1703 1033 Neo-

316 1051 480 1116 phytis
518 1049 666 1098 facile
703 1048 999 1096 mandentur
1036 1048 1310 1097 memoriae.-
1336 1049 1468 1096 Nam
1507 1049 1699 1099 interea

317 1114 518 1170 historia
555 1117 614 1165 de
654 1114 838 1164 Christi
873 1115 1090 1163 adventu
1127 1116 1294 1178 saepisis
1331 1114 1555 1164 iteranda
1592 1128 1694 1176 est,

317 1201 375 1236 ut
409 1187 505 1234 una
540 1192 652 1232 cum
689 1181 1025 1244 explicatione
1063 1181 1261 1243 penitus
1295 1180 1507 1231 insideat
1543 1195 1698 1247 atque

317 1253 505 1302 haereat
537 1250 585 1298 in
623 1247 986 1298 mentibus.Ita
1005 1248 1202 1295 demum
1241 1247 1503 1296 veritatem
1541 1264 1697 1314 agno-

318 1333 488 1378 scunt,
527 1316 583 1369 &
621 1311 810 1363 fabulas
846 1330 903 1362 ac
941 1313 1212 1370 veneficia,
1252 1330 1356 1378 quae
1397 1326 1503 1362 tum
1558 1325 1700 1364 vete-

321 1401 419 1443 reS,
479 1396 586 1431 turn
623 1394 848 1430 recentes
882 1379 1078 1430 Ethnici
1112 1391 1535 1440 commemorant,
1591 1395 1706 1430 exe·

320 1464 555 1500 crantur.

321 1511 325 1515 ⁴
394 1531 467 1582 14.
516 1511 755 1563 Mandavi
808 1508 1069 1577 diligenter
1117 1522 1257 1559 certo
1309 1509 1594 1568 Sacerdoti,
1648 1521 1706 1560 ut

318 1581 413 1632 mei
465 1578 673 1628 muneris
732 1576 952 1626 Vicarius
1023 1576 1247 1640 quotidie
1299 1576 1706 1626 antemeridianis

319 1647 480 1705 horis,
519 1646 694 1696 eadem
731 1642 813 1690 illa
851 1643 1031 1691 ibidem
1068 1641 1366 1703 inculcaret3
1430 1643 1512 1706 qui
1546 1659 1595 1692 se
1632 1639 1703 1689 fa-

320 1728 514 1784 cgurum
551 1708 764 1773 recepit.
802 1711 958 1773 Spero
996 1707 1211 1769 fore,ut
1230 1724 1303 1756 res
1327 1711 1472 1759 DEO
1497 1704 1704 1757 favente

319 1796 510 1830 cursum
547 1787 722 1828 teneat
756 1791 928 1824 suum.
983 1773 1274 1824 Discedenti
1329 1774 1447 1824 mihi
1496 1774 1700 1825 Malaca

320 1845 535 1911 primarii
586 1844 716 1893 cives
770 1844 1096 1891 vehementer
1147 1840 1462 1901 institerunt,
1532 1853 1586 1889 ut
1638 1844 1702 1892 eo

319 1914 443 1962 duos
479 1915 504 1961 ὲ
543 1909 800 1960 Societate
838 1909 1115 1966 mitterem,
1154 1907 1235 1973 qui
1272 1908 1401 1971 apud
1421 1923 1471 1956 se
1493 1910 1701 1971 suasque

317 1977 556 2045 coniuges
594 1977 650 2029 &
687 1975 996 2024 Christianos
1033 1974 1314 2040 indigenas,
1367 1988 1526 2022 sacras
1578 1988 1698 2022 con·

323 2045 492 2095 ciones
528 2044 794 2101 haberent,
834 2042 1017 2104 itemqe
1054 2041 1145 2088 suis
1181 2040 1367 2099 liberis,
1404 2038 1582 2099 servis,
1614 2054 1700 2085 an-

322 2110 446 2162 cillis
485 2108 820 2159 Christianam
859 2106 1136 2156 doctrinam
1173 2108 1427 2156 traderent
1479 2120 1590 2153 meo
1626 2104 1701 2152 lo-

322 2194 420 2228 c0.
455 2177 510 2227 Id
549 2175 617 2224 illi
653 2177 913 2237 tantopere
949 2172 1308 2240 efflagitarunt,
1359 2187 1413 2221 ut
1458 2183 1559 2220 tam
1613 2169 1698 2233 pio

323 2243 608 2308 postulato,
646 2240 897 2290 hominum
935 2240 1200 2304 prat-sertim
1237 2240 1296 2289 de
1332 2249 1494 2287 nostra
1531 2236 1700 2285 SocIe-

324 2322 435 2360 tate
471 2309 658 2372 optime
710 2307 1027 2369 meritorum,
1057 2307 1208 2375 ‘omni
1254 2304 1448 2356 ratione
1501 2300 1698 2352 satisfa-

326 2375 555 2427 ciendum
590 2387 762 2442 putem
781 2410 793 2423 .
1593 2431 1603 2440 ο

1389 2450 1467 2502 15.
1489 2437 1629 2501 Apri-
