1781 2889
374 219 473 287 246
625 215 674 268 s.
709 217 1079 269 FRANeiscr
1114 211 1410 271 xAvERn

290 314 372 378 ‚do
419 316 538 366 boni
591 313 841 374 homines,
881 314 963 377 qui
999 329 1111 362 cum
1164 327 1325 364 essent
1361 315 1508 364 amici
1546 315 1680 378 Dei,

305 384 364 435 &
399 383 540 432 liberi
594 380 895 443 professores
947 379 1170 429 veritatis
1217 397 1363 446 quam
1413 397 1684 450 cognoscee

311 451 463 508 bant,
520 446 716 495 minime
752 445 1054 494 dissimulare
1107 461 1470 497 consueverant
1507 451 1553 497 in
1597 466 1685 498 oc-

309 532 447 564 cursu
485 513 726 561 malorum
763 512 879 577 quid
913 512 1182 561 sentirent.
1230 515 1686 577 Reprehendebant,

311 582 441 630 enim
483 590 801 641 peccatores,
840 577 1143 641 increpando
1165 579 1294 626 haud
1330 581 1549 631 molliter
1580 597 1684 630 sce-

306 646 410 695 lera
430 646 781 694 rebellantium
819 643 1229 696 inverecunde&
1263 644 1410 709 impie
1444 647 1493 695 in
1515 650 1682 697 Deum

309 728 368 760 ac
405 715 703 762 Creatorem
727 711 948 760 omnium
984 726 1325 759 communem.
1361 713 1416 761 Id
1450 714 1588 776 pravi
1626 730 1684 762 ac
1734 730 1736 733 ·

309 778 543 844 flagitiosi
615 778 838 826 homines
891 777 1102 826 moleste
1173 777 1366 827 scilicet
1416 777 1679 830 ferebant.

306 847 441 909 Ergo
477 844 698 893 instincti
735 842 990 907 adjutique
1027 847 1061 892 it
1092 841 1356 901 conjurato
1393 861 1504 893 cum
1540 846 1680 910 ipsis,

304 911 439 972 cujus
476 910 701 973 auspiciis
740 910 1057 970 militabant,
1095 909 1226 957 malo
1263 912 1523 972 daemone,
1576 929 1682 961 om-

307 979 380 1025 nis
444 977 636 1042 generis
703 976 954 1025 maleficiis
1006 974 1312 1026 infestabant
1373 977 1530 1026 bonos
1585 977 1687 1028 Dei

304 1043 517 1103 amicos,
572 1042 918 1105 captivantes,
957 1044 1376 1106 exterminantes,
1414 1042 1549 1094 nulla
1583 1061 1686 1095 nen

303 1127 389 1161 eos
426 1108 601 1170 injuria
636 1110 692 1161 &
728 1109 1038 1159 contumelia
1073 1124 1343 1160 vexantes.

372 1193 449 1227 21.
483 1176 615 1225 Huic
636 1189 783 1226 tanto
822 1177 1034 1225 vitarum
1055 1176 1317 1227 discrimini
1344 1177 1683 1227 consentanea.

302 1243 626 1307 proportione
693 1243 1026 1306 respondebat
1080 1243 1403 1294 diversissima
1455 1244 1683 1293 conditio

302 1309 577 1361 animarum
630 1311 656 1358 ὲ
693 1310 983 1373 corporibus
1005 1326 1091 1372 per
1124 1324 1340 1359 mortem
1373 1309 1685 1358 emissarum.

303 1376 483 1424 Earum
518 1376 758 1439 siquidem
796 1391 1117 1441 quaecumque
1154 1376 1324 1435 bonae,
1374 1376 1485 1423 dum
1522 1375 1571 1424 in
1610 1376 1681 1424 vi-

303 1445 356 1490 ta
393 1442 660 1509 degerent,
700 1441 933 1503 fuerant;
972 1457 1042 1489 eae
1077 1458 1341 1505 corporum
1378 1441 1553 1490 deinde
1574 1443 1681 1490 vin-

303 1506 424 1555 culis
462 1524 547 1571 per
583 1521 794 1557 mortem
832 1509 1103 1571 expeditae,
1155 1509 1204 1556 in
1241 1524 1354 1558 eum
1408 1523 1483 1568 se,
1535 1524 1682 1572 quem

300 1575 475 1624 vocari
527 1574 753 1623 Limbum
803 1575 929 1634 dixi,
983 1573 1314 1623 conferebant
1348 1573 1548 1631 locum,
1601 1574 1682 1638 qui

302 1640 541 1704 quoniam
577 1640 728 1706 longe
763 1639 891 1689 infra
928 1652 1068 1688 terrae
1090 1640 1396 1704 superficiem
1433 1638 1683 1702 profundo

301 1709 554 1771 depressus
608 1706 743 1755 hiatu
779 1720 877 1767 est,
926 1704 1111 1755 Inferni
1147 1722 1343 1771 quoque
1381 1707 1440 1757 ὅτ
1489 1704 1681 1757 infero-

300 1789 407 1822 rum
444 1772 783 1837 appellatione
819 1772 1196 1837 designabatur,
1247 1789 1344 1822 non
1382 1774 1514 1837 quod
1549 1772 1677 1833 illic,

300 1840 428 1888 sicut
465 1840 525 1890 de
563 1839 764 1889 Inferno
801 1838 1088 1902 simpliciter
1125 1839 1264 1888 dicto
1302 1839 1478 1901 passim
1533 1837 1676 1887 intel-

299 1905 496 1974 ligitur,
534 1918 701 1955 tortor
735 1905 857 1972 ignis
894 1907 1093 1961 ardeat,
1133 1919 1221 1955 aut
1269 1907 1440 1972 vigeat
1475 1902 1570 1953 alia
1605 1904 1676 1954 vis

299 1974 452 2022 noxia
489 1975 712 2022 crucians
751 1973 971 2033 animas;
1027 1988 1130 2038 quae
1168 1971 1299 2020 mala
1346 1970 1567 2020 sontibus
1602 1988 1675 2019 re·-

297 2051 586 2089 servantur.
655 2041 764 2088 Istae
817 2051 1018 2099 autem,
1070 2051 1219 2102 prout
1275 2037 1487 2088 decebat
1533 2052 1676 2099 puras

296 2105 570 2165 scelerum,
626 2109 842 2170 Deoque
877 2118 1042 2172 gratas
1079 2117 1268 2154 mentes
1291 2139 1305 2167 ,
1349 2104 1498 2153 beata
1528 2119 1672 2151 >coin-

293 2185 452 2238 postae
489 2188 615 2235 pace
652 2171 1005 2237 quiescebant.
1460 2233 1469 2242 ο

370 2255 448 2289 22.
485 2239 581 2288 Sed
643 2239 806 2287 subest
859 2240 970 2287 huic
1042 2236 1321 2303 tranquillae
1369 2233 1472 2286 sedi
1532 2234 1670 2300 regio

298 2304 536 2365 inferior,
574 2316 756 2354 vocata
806 2305 1182 2368 Purgatorium,
1237 2303 1470 2366 quoniam
1524 2299 1671 2352 fullo-

297 2372 408 2424 nica
443 2368 523 2423 hic
577 2370 719 2423 velut
754 2368 977 2438 quaedam
1027 2385 1102 2423 est
1137 2370 1396 2437 purgandis
1450 2368 1507 2420 8(
1558 2385 1668 2431 per·

1415 2449 1605 2501 ponen-
