1781 2889
399 212 492 263 108
623 211 670 261 S.
706 211 1074 263 FRANCISCI
1111 210 1402 262 XAVERII
1424 205 1428 209 ⁶

327 306 574 358 m‘culam
607 304 927 356 obducimus?
965 307 1115 376 Qod
1146 306 1180 355 si
1217 305 1530 356 obstaculum
1554 303 1721 358 isthic*

331 372 654 424 intluctabile
699 386 926 432 teneret,
974 390 1035 422 ne
1087 373 1333 437 proficisci
1367 374 1536 422 statim
1588 388 1702 440 pos-

336 457 442 500 seS,
481 439 625 487 mitte
659 437 863 487 Paulum
901 439 1112 488 Vazium
1159 456 1270 489 cum
1306 440 1400 490 tuis
1436 440 1590 491 literis
1639 438 1703 489 ad

330 504 623 560 Praefectum
645 538 659 552 .

400 591 451 638 4.
487 572 672 620 Iterum
707 568 798 619 tibi
833 567 1052 619 affirmo:
1091 570 1195 632 plus
1235 588 1313 622 me
1347 572 1721 623 conturbatum>

333 656 397 690 eo
435 639 653 698 nuncio,
690 639 835 700 quam
873 636 961 684 tibi
987 637 1263 703 significare
1298 640 1558 689 scribendo
1595 655 1703 703 pos-

332 723 470 756 sum.
505 707 609 753 Det
642 703 832 751 utinam
871 702 1008 751 nobis
1050 706 1180 752 Deus
1228 704 1475 754 Dominus
1517 708 1707 755 Noster

334 786 533 823 tantum
584 770 733 820 robur
784 769 935 818 animi
983 782 1173 834 quanto
1221 784 1295 820 est
1347 787 1468 834 opus
1519 773 1581 821 ad
1632 772 1706 821 in-

335 837 588 889 consultas
624 835 896 886 istiusmodi
933 835 1241 886 temeritates
1293 839 1388 901 qua
1422 839 1569 888 decet
1618 853 1705 902 pa-

333 905 516 957 nentia
551 900 807 953 ferendas.
858 901 1002 952 Licet
1050 901 1239 951 idoneis
1291 904 1542 953 autoribus
1597 920 1705 970 quae

335 975 470 1023 dicta
505 982 618 1019 sunt
651 968 896 1033 comperi:
936 982 1104 1018 tamen
1131 985 1294 1034 quaeso
1329 982 1380 1019 tc
1432 985 1492 1019 ne
1528 985 1707 1037 grave-

333 1041 394 1090 ris
431 1036 691 1104 diligenter
734 1035 1033 1100 perscribere
1085 1035 1146 1083 de
1183 1048 1298 1085 toto
1344 1036 1554 1103 negotio
1588 1036 1708 1101 quid

336 1105 479 1155 isthic
515 1101 1059 1167 perspexeris.Vere'ne
1080 1101 1373 1165 mancipium
1406 1102 1554 1169 mgis
1590 1105 1708 1152 Tra-

335 1170 562 1222 vancoris
599 1169 858 1218 Lusitanus
892 1168 943 1216 in
980 1167 1079 1228 ejus
1115 1169 1254 1218 terris
1289 1170 1504 1233 ceperit:
1561 1169 1597 1216 si
1635 1167 1707 1219 fe-

336 1239 440 1298 eit,
477 1252 626 1303 quam
662 1232 786 1285 facti
821 1250 1021 1285 causam
1069 1234 1283 1299 alleget;
1340 1250 1578 1298 praeterea
1627 1251 1710 1286 ec-

337 1304 480 1369 quid,
528 1301 820 1362 utdicitur,
867 1313 1108 1350 tracturus
1145 1302 1207 1349 sit
1258 1302 1612 1351 Tutucurinum
1650 1304 1709 1355 &

340 1371 695 1438 quamobrem:
748 1367 896 1432 cupio
931 1366 1117 1432 aliquid
1153 1366 1347 1428 audire,
1392 1368 1521 1417 unde
1556 1368 1709 1417 minui

337 1438 514 1487 saltem
566 1433 803 1485 atrocitas
847 1433 1077 1484 illaudati
1127 1432 1360 1482 facinoris
1414 1447 1596 1499 queat,
1650 1435 1709 1487 δε

346 1504 487 1554 famae
522 1502 807 1552 convicium
843 1500 1078 1567 coargui.
1116 1500 1200 1548 Sin
1238 1499 1355 1555 nihil
1391 1514 1466 1550 est
1514 1499 1712 1549 invidiae

342 1571 596 1630 levandae3
650 1568 707 1619 δι’
743 1572 857 1617 vere
890 1566 960 1615 ita
1012 1581 1085 1615 res
1122 1565 1336 1632 contigit
1382 1579 1438 1616 ut
1484 1580 1714 1616 narratur

343 1637 547 1703 passim,
606 1633 940 1683 omittendum
995 1631 1111 1681 mihi
1164 1632 1355 1681 scilicet
1405 1634 1712 1697 propositum

346 1705 442 1754 erit
477 1700 692 1752 adeundi
728 1700 911 1766 Regis,
947 1699 1076 1762 apud
1112 1714 1255 1762 quem
1292 1714 1424 1748 eram
1471 1711 1713 1750 tractatu·

341 1786 418 1820 rus
453 1769 676 1835 quaedam
713 1769 739 1817 ὲ
763 1783 813 1816 re
850 1765 1069 1829 obsequii
1106 1766 1283 1814 divini.
1321 1764 1423 1814 Scis
1459 1768 1604 1830 quam
1641 1763 1713 1815 ef-

342 1835 532 1886 feretur
567 1837 657 1883 ista
710 1849 831 1900 gens
882 1833 1099 1894 raptibus
1149 1830 1539 1894 mancipiorum,
1591 1849 1713 1896 prae-

341 1905 511 1952 sertim
547 1901 596 1949 in
633 1900 748 1949 loco
785 1899 987 1948 ditionis
1021 1914 1218 1959 eorum,
1267 1898 1559 1947 attentatis:
1611 1914 1713 1948 non

342 1983 418 2019 est
454 1967 653 2017 dubium
688 1965 805 2032 quin
842 1981 1011 2016 omnes
1047 1964 1149 2015 illic
1184 1964 1425 2014 ultionem
1472 1961 1716 2028 fremant3

347 2036 731 2099 Lusitanamque
778 2034 994 2082 Gentem
1045 2046 1103 2080 ac
1151 2030 1485 2081 Christianum
1531 2045 1716 2080 nomen

343 2101 659 2152 contumeliis
695 2099 1043 2164 proscindant.
1079 2098 1212 2148 Huic
1245 2097 1442 2147 invidiae
1477 2112 1555 2154 me
1591 2096 1718 2159 obji-

347 2184 460 2220 cere
495 2165 776 2217 consultum
814 2183 915 2215 non
950 2166 1044 2214 sit.

418 2250 462 2302 ς.
499 2237 667 2304 Qare
702 2233 804 2281 alio
824 2231 1143 2299 cogitandum
1164 2228 1277 2290 erit,
1309 2228 1718 2293 &expediendus

348 2302 547 2353 tandem
582 2302 791 2364 impetus
829 2298 876 2347 in
923 2296 1182 2348 consilium
1219 2295 1351 2359 quod
1386 2296 1565 2345 dudum
1600 2295 1719 2346 mihi

352 2368 528 2435 pellaci
563 2367 726 2434 specie
764 2363 1042 2427 blanditur,
1091 2361 1266 2413 omissa
1303 2362 1473 2425 India,
1508 2362 1719 2481 ubibtot

1565 2447 1596 2482 0
1632 2460 1652 2472 ο
