1781 2889
726 4 761 21 ,Γ

412 122 1154 195 IN'S.XAVER1UM.
1239 144 1396 195 xxxin

78 243 327 302 taverint,
367 258 463 307 quo
499 254 681 305 genere
716 237 945 297 vestitus,
985 253 1078 301 qua
1116 239 1272 287 victus
1307 237 1460 290 ratio-

80 324 139 356 ne
176 310 271 358 sint
307 308 411 369 usi5
448 308 505 358 <Sc
541 321 646 369 quae
682 303 870 351 minuta
907 304 954 350 in
992 306 1120 352 hunc
1147 305 1343 353 modum
1384 304 1461 352 Vir

77 373 162 422 ille
197 388 403 423 summus
439 383 696 434 percenset
718 383 922 430 caetera;
961 374 1149 434 quanto
1186 371 1278 419 erit
1314 382 1462 435 opta-

81 439 258 500 bilius,
285 442 507 488 Heroum
544 435 867 484 istorum‘ilia
904 436 1000 493 jam
1026 434 1246 497 majora,
1285 453 1368 485 usu
1393 451 1466 482 sa·-

78 505 322 564 lubriora,
361 504 494 551 dictu
530 500 830 566 speciosiora
867 517 1199 568 cognoscere:
1238 504 1355 566 quid
1392 500 1463 548 di-

78 573 276 635 xerint?
332 569 445 631 quid
478 566 798 630 scripserint?
848 583 964 631 quas
1013 582 1179 616 mente
1216 584 1355 616 curas
1404 582 1465 614 ao

83 652 275 694 sensus,
324 651 428 698 quae
465 634 632 682 animo
668 649 727 681 ac
764 637 914 684 corde
950 635 1198 694 Consilia,
1237 633 1464 698 Proposi-

81 714 158 760 ta,
196 703 354 759 Vota,
394 700 739 757 versaverint?
777 702 864 748 Me
902 700 1129 763 quidem,
1168 698 1466 749 Eminentis-

84 767 204 815 sime
243 766 490 824 Domine,
541 768 624 813 has
652 765 809 813 'modo
845 766 1090 828 Epistolas
1137 767 1469 829 interpretan-

84 845 185 882 tem
232 833 585 882 incredibiliter
633 830 953 892 delectabat,
990 830 1230 894 vusurpare
1280 831 1468 889 oculis,

86 897 173 947 ore
208 898 451 956 suaviari,
490 897 652 960 apices
691 895 776 943 illa
810 913 957 945 manu
995 913 1224 946 exaratos
1264 914 1366 961 quae
1404 895 1474 944 vi-

85 964 184 1013 cies
219 964 443 1012 centenis
481 964 730 1011 hominum
771 961 978 1010 millibus
1029 963 1212 1011 coelum
1249 963 1470 1026 aperuit,

84 1031 164 1078 cui
200 1031 336 1077 Deus
385 1042 582 1077 tantum
634 1044 728 1074 suae
765 1029 1004 1088 potentiae
1044 1028 1474 1085 communicavit,

83 1107 141 1143 ut
177 1108 370 1142 mortua
403 1094 557 1142 etiam
594 1107 801 1158 corpora
837 1093 951 1140 vitre
971 1094 1231 1143 redderet:
1270 1108 1322 1142 at
1343 1093 1470 1140 mul-

87 1167 171 1218 to,
209 1172 264 1208 ut
300 1175 385 1221 par
422 1158 543 1217 fuit,
581 1158 999 1221 plus-movebant
1033 1159 1300 1220 specimina
1337 1160 1386 1206 in
1409 1158 1479 1205 his

90 1225 315 1274 extantia
339 1225 585 1273 Virtutum
608 1224 963 1284 Heroicarum,
1002 1241 1106 1288 quae
1146 1227 1329 1274 Sancto
1367 1224 1480 1272 huic

91 1291 210 1340 Viro
249 1303 441 1339 tantum
479 1290 605 1353 apud
646 1292 810 1337 Deum
845 1290 1045 1355 gratiae,
1097 1303 1292 1340 tantum
1350 1290 1479 1353 apud

89 1356 331 1406 Homines
367 1357 533 1422 gloriae
570 1369 834 1417 pararunt.
873 1355 1074 1418 Spirant
1107 1356 1157 1404 in
1184 1358 1313 1406 hisce
1334 1357 1472 1405 vide-

91 1422 210 1471 licet
246 1422 404 1470 adhuc
427 1422 620 1471 Chartis
670 1421 751 1469 illa
804 1422 1162 1471 modestissIma
1199 1422 1479 1483 Demissio,

91 1487 353 1536 Fortitudo
390 1489 446 1540 δε
467 1487 714 1536 Patientia
737 1487 969 1548 invictae,
1008 1490 1324 1538 Perseverans
1345 1490 1483 1538 Con-

94 1554 277 1603 stantia
313 1554 361 1601 in
396 1557 530 1603 recte
551 1554 755 1616 coeptis,
795 1553 1142 1616 Despicientia
1181 1571 1341 1604 rerum
1376 1558 1482 1603 Hu-

93 1635 378 1679 manarum,
433 1621 651 1668 Libertas
702 1620 758 1671 &
794 1622 998 1668 Candor
1034 1621 1216 1680 animi,
1266 1620 1484 1669 studium

94 1685 259 1733 salutis
295 1685 595 1744 Hominum,
649 1686 794 1733 Zeius
844 1686 1243 1752 flagrantissimus
1282 1684 1485 1735 Divinae

95 1750 312 1811 Gloriae3
349 1753 488 1800 Carae
526 1767 698 1800 omnes
737 1768 792 1799 ac
828 1752 1318 1801 commendatissimae
1341 1750 1482 1811 Tibi,

96 1815 492 1865 Eminentissime
531 1817 782 1877 Domine,
823 1819 1036 1866 Laudes:
1077 1834 1282 1884 quaeque
1323 1818 1486 1867 Novis

98 1881 304 1945 proinde
341 1881 471 1930 hisce
506 1883 736 1945 Epistolis
775 1885 1053 1946 spondeant
1090 1901 1190 1933 non
1229 1883 1385 1932 minus
1416 1880 1490 1931 fa-

99 1947 247 1995 cilem
285 1947 344 1995 ad
377 1949 446 1995 Te
482 1948 853 2010 admissionem,
892 1965 983 1998 nec
1003 1948 1490 1999 minusefficaxaTe

97 2013 460 2072 Patrocinium,
498 2030 643 2077 quam
677 2014 818 2063 simili
854 2015 1032 2064 merito
1068 2015 1364 2065 Xaverianae
1401 2013 1490 2061 du·

100 2079 211 2126 dum
235 2079 374 2127 editae
396 2079 609 2142 priores,
639 2080 685 2126 in
705 2082 962 2129 Francisco
977 2080 1161 2129 Toleto
1182 2077 1494 2143 Sapientissi-

102 2159 186 2194 mo
215 2145 671 2210 Laudatissimoque
698 2145 951 2194 Cardinali
977 2159 1266 2208 repererunt
1285 2181 1297 2193 .
1333 2142 1493 2194 Vale.

161 2233 278 2268 Hanc
323 2232 495 2283 primam
545 2230 655 2271 dedit
688 2231 874 2269 Possinus
911 2234 1030 2268 Roma
1079 2243 1154 2273 xv.
1205 2230 1305 2269 Kal.
1348 2228 1495 2276 Majac

106 2299 212 2324 anno
242 2288 514 2341 MDCLXL,
547 2301 595 2328 ac
626 2287 765 2327 demde
797 2285 1097 2328 MDCLXVH.

107 2339 233 2388 Tom-
266 2344 308 2389 Ι.
775 2354 804 2390 c
1165 2342 1171 2346 “
1218 2337 1426 2388 REVE-
