1781 2889
308 214 461 266 xxxvi
597 212 1299 265 PROLEGOMENA

241 310 537 361 Fundatoris
590 309 767 370 vitam,
825 323 966 377 gesta
1001 326 1105 361 esse
1141 305 1380 366 Xaverii,
1429 303 1633 355 alterius

240 378 291 425 in
329 375 476 425 Coelo
528 390 699 425 nostro
764 376 1014 426 luminaris
1080 376 1284 444 magni?
1338 375 1492 439 Atqui
1542 373 1631 444 ho-

238 459 344 492 rum
383 442 582 491 Xaverii
635 456 888 508 gestorum
939 443 1142 495 notitias
1197 441 1398 494 omissas
1453 441 1523 489 hae
1576 437 1634 487 li-

240 522 357 558 terae
395 521 661 574 suggerunt
706 509 1056 572 pulcherrimas
1111 511 1170 562 ὃς
1220 507 1480 573 plurimas:
1537 519 1631 553 eae-

241 578 452 638 demque
492 573 694 640 vulgata
742 573 838 634 iam
886 592 1066 626 caetera
1103 575 1206 634 ejus
1241 574 1467 641 generis,
1503 569 1632 635 sigil-

238 641 294 689 lo
336 641 471 689 velut
509 640 722 704 quodam
758 643 1044 692 autoritatis
1094 639 1444 706 irrefragabilis
1498 636 1631 685 obsi-

240 720 432 773 gnant3
470 719 524 754 ut
559 706 748 770 duplici*
776 725 837 758 ex
874 711 995 758 dote
1033 704 1458 758 commendabiles
1483 704 1634 775 habe·

247 774 287 821 ri
324 773 568 821 debeant:
607 771 932 838 injuriamque
970 772 1186 823 facturus
1228 773 1454 823 videatur
1486 785 1637 833 aequi-

241 839 337 888 tati
389 851 560 887 vestrae
613 840 695 904 qui
747 840 1081 900 dubitaverit,
1137 838 1253 904 quin
1306 837 1448 888 vobis
1499 851 1636 904 utrof

241 919 341 969 que
380 904 580 954 nomine
614 917 768 973 gratae
805 923 862 956 ac
900 905 1124 966 jucundae
1159 907 1257 967 sint
1292 903 1496 954 futurae.
1530 906 1635 952 Re-

241 984 343 1020 stat
381 983 436 1020 ut
474 973 556 1020 has
594 971 689 1037 qua
727 971 928 1022 fortuna
981 976 1068 1036 sim
1121 985 1326 1033 nactu8‚
1382 971 1478 1036 qua
1528 967 1637 1040 dili-

238 1037 412 1105 gentia
448 1041 750 1098 curaverim,
788 1051 1030 1104 quantum
1069 1039 1170 1088 Vos
1204 1038 1418 1087 libenter
1461 1050 1636 1101 cogni-

238 1118 376 1153 turos
415 1104 607 1153 creditu
663 1121 872 1165 pronum
928 1119 1039 1166 est,
1096 1105 1314 1154 breviter
1351 1118 1637 1166 exponam.

241 1171 526 1220 Alexander
564 1170 892 1233 Philippucius
932 1184 1100 1220 noster
1151 1174 1300 1220 Anno
1358 1171 1502 1235 1658.
1555 1169 1634 1219 die

245 1235 560 1296 12.Martii,
602 1239 874 1286 Maceratae
933 1237 1326 1299 pertinacissimo
1364 1237 1421 1288 &
1458 1234 1638 1284 dirissi-

240 1318 325 1350 mo
360 1299 632 1369 languore,
685 1318 770 1365 spe
823 1306 960 1354 omni
1014 1304 1226 1353 humana
1280 1302 1632 1366 recuperandae

242 1367 538 1416 valetudinis
575 1368 829 1429 exclusus,
869 1370 1107 1420 invocato
1148 1372 1196 1418 S.
1233 1371 1491 1419 Francisco
1529 1370 1636 1418 Xa-

238 1434 385 1488 verio,
433 1435 503 1483 ita
557 1436 847 1485 mirabiliter
899 1435 1186 1497 convaluit,
1243 1449 1298 1486 ut
1350 1433 1488 1494 cujus
1535 1432 1636 1483 diei

237 1501 398 1564 primo
454 1505 596 1551 mane
650 1502 805 1552 solitis
859 1504 1123 1570 angoribus
1178 1502 1338 1551 morbi
1383 1500 1478 1561 jam
1535 1515 1632 1549 ses-

239 1566 473 1630 quiannui
514 1570 762 1616 cruciatus
796 1570 1141 1619 immanissime
1181 1567 1373 1629 fuerat,
1414 1567 1515 1627 ejus
1543 1583 1632 1615 an-

235 1644 288 1681 te
329 1633 581 1682 meridiem
635 1634 777 1696 plane
832 1638 1058 1684 robustus
1114 1651 1172 1684 ac
1227 1647 1432 1702 vegetus
1481 1638 1636 1683 Sacro

238 1699 491 1758 Solemni‚
530 1717 769 1750 concursu
809 1700 911 1761 ejus
948 1704 1167 1752 civitatis
1216 1700 1406 1768 ingenti
1443 1699 1490 1749 in
1525 1715 1637 1767 gra-

237 1766 418 1814 tiarum
473 1768 724 1816 actionem
780 1769 1066 1829 celebrato,
1121 1766 1473 1818 ministraverit
1508 1803 1521 1815 .
1590 1769 1636 1817 Is

238 1831 418 1880 deinde
473 1834 644 1882 Sancti
698 1835 1021 1897 Sospitatoris
1059 1835 1128 1884 sui
1169 1851 1349 1884 nomen
1387 1834 1632 1896 adscivit;

239 1899 296 1950 ὅ(
335 1911 387 1946 ut
425 1898 576 1946 vitam
613 1900 918 1962 imitaretur,
971 1902 1183 1951 exorata
1241 1899 1493 1960 Majorum
1545 1915 1630 1950 ve-

238 1965 345 2020 nia,
387 1966 643 2030 navigavit
696 1967 742 2015 in
796 1970 1018 2019 Indiam.
1056 1970 1149 2017 Sed
1188 1968 1315 2030 prius
1351 1968 1481 2018 inter
1530 1964 1631 2014 alia

239 2030 399 2080 omnis
434 2033 626 2096 generis
662 2033 791 2100 grati
830 2036 980 2083 animi
1017 2034 1411 2098 specimina,me
1433 2032 1630 2093 adiens,

237 2102 539 2161 magnopere
593 2101 791 2160 oravit,
848 2115 901 2150 ut
954 2102 1001 2149 in
1058 2104 1153 2150 hoc
1218 2114 1388 2150 nostro
1441 2097 1628 2149 Archio

238 2165 474 2213 Romano
510 2166 803 2231 conquirere
841 2184 901 2217 ne
937 2184 1201 2233 gravarer,
1249 2183 1414 2232 ecquae
1464 2164 1624 2214 adhuc

236 2229 432 2278 ineditae
473 2233 519 2279 S.
558 2233 794 2282 Francisci
850 2236 1058 2284 Xaverii
1111 2233 1331 2299 epistolae
1382 2231 1632 2294 laterent5

234 2306 340 2343 tum
379 2298 416 2346 si
452 2315 555 2361 quae
595 2301 957 2363 reperirentur,
997 2301 1273 2352 Latinitate
1310 2314 1367 2348 ac
1404 2297 1513 2347 luce
1542 2297 1630 2346 do-

233 2375 387 2412 nare.
425 2364 718 2430 Obsequcns
754 2380 856 2418 tam
892 2368 981 2432 piis
1018 2369 1177 2428 νοτὶς,
1201 2363 1452 2417 indiarum
1474 2368 1631 2478 Apos-

1470 2442 1526 2480 to
1551 2446 1565 2475 i
