1781 2889
377 220 443 270 88
619 218 668 268 S.
684 214 1054 268 FRANCISCI
1085 207 1381 264 XAVERII

313 315 389 364 dia
432 312 516 362 illa
552 312 614 361 ad
649 313 894 376 privatam
929 311 1081 379 magis
1131 310 1383 373 referunt,
1431 313 1576 378 quam
1623 306 1687 360 ad

308 381 560 446 publicam
596 379 900 427 utilitatem.
947 380 1011 427 Et
1056 380 1288 442 quoniam
1325 393 1587 439 verentur,
1623 375 1695 427 ne'

312 447 494 497 DEUS
533 446 747 509 ipsorum
793 443 1055 506 cupiditati
1089 460 1189 493 non
1223 446 1550 510 obsequatur,
1597 460 1688 493 no-

309 514 421 562 lunt
472 524 636 561 totam
689 522 791 559 rem
843 509 1021 558 divinae
1066 510 1354 573 permittere
1406 509 1687 560 voluntati.

309 581 491 630 Testor
542 577 786 636 DEUM,
838 573 1192 640 propemodum
1230 590 1308 624 me
1362 572 1688 627 deliberatum

308 643 560 704 habuisse,
614 643 851 709 quoniam
888 641 1002 690 mihi
1038 639 1127 704 ipsi
1163 641 1212 689 in
1248 643 1495 706 Europam
1530 644 1689 692 redire

309 725 414 761 non
462 709 682 770 licebat,
737 709 799 757 ad
837 706 1153 758 Parisiensem
1201 706 1543 771 Academiam,
1599 725 1689 758 no-

307 774 641 841 minatimque
693 776 755 823 ad
793 776 1042 824 Doctores
1090 785 1286 823 nostros
1325 776 1578 824 Corneum
1632 776 1692 827 &

311 844 571 896 Picardum
592 841 782 891 litteras
804 840 941 898 dare,
975 838 1146 903 quibus
1167 841 1480 890 ostenderem
1503 860 1514 903 3
1542 845 1694 908 quam

310 911 469 960 multa
507 909 833 959 Barbarorum
867 903 1019 953 millia
1054 905 1116 954 ad
1143 905 1325 955 Christi
1362 906 1550 957 cultum
1588 907 1695 956 nul·

309 978 363 1029 lo
400 977 607 1045 negotio
644 972 816 1022 adduci
854 983 1092 1035 possent3
1129 971 1166 1019 si
1203 971 1346 1035 copia
1372 987 1502 1024 esset
1538 974 1695 1023 homi-

311 1060 464 1105 num,
512 1040 593 1108 qui
629 1054 731 1089 non
767 1053 850 1087 sua
888 1051 1195 1103 quaererent,
1252 1041 1337 1088 sed
1375 1057 1479 1104 quae
1529 1035 1705 1106 JEsU,

314 1107 531 1161 Christi.
586 1109 718 1174 Ergo
774 1103 949 1154 fratres
1013 1104 1128 1154 mihi
1193 1105 1496 1156 charissimi:
1565 1118 1695 1156 orate

314 1182 568 1227 Dominum
606 1176 795 1234 messis,
843 1185 895 1221 ut
930 1175 1092 1220 mittat
1138 1176 1366 1237 operarios
1412 1178 1460 1222 in
1511 1186 1696 1223 messem

313 1261 479 1294 ''Mayll-

380 1329 427 1374 9.
465 1302 641 1370 Scripsi
676 1299 738 1352 ad
761 1318 847 1354 vos
883 1319 1016 1353 anno
1041 1299 1294 1367 superiore
1330 1301 1393 1355 de
1428 1298 1693 1371 CollegiO,

316 1376 451 1442 quod
488 1375 610 1422 Goae
658 1369 948 1420 inchoatum
984 1370 1256 1420 aedificatur
1309 1375 1537 1422 strenue.
1583 1373 1698 1437 Jam

315 1456 496 1508 magna
532 1438 703 1487 aedium
752 1452 861 1499 pars
914 1436 1143 1486 absoluta
1196 1451 1305 1486 est.
1357 1441 1455 1488 Hic
1509 1435 1697 1486 alumni

316 1505 595 1571 complures
630 1504 692 1552 ab
744 1502 964 1552 Ethnicis
1003 1503 1100 1552 orti
1148 1503 1392 1553 variarum
1439 1503 1699 1554 nationum

319 1574 671 1632 instituuntur;
707 1584 916 1635 quorum
953 1568 1037 1618 alii
1074 1569 1303 1618 Latinam
1339 1570 1580 1638 linguam,
1618 1567 1701 1619 alii

315 1638 511 1708 legendi
569 1636 911 1700 scribendique
964 1633 1208 1685 rationem
1261 1634 1552 1687 addiscunt.
1607 1635 1698 1687 His

314 1708 368 1759 P.
403 1701 578 1755 Paulus
617 1699 832 1768 Collegii
861 1703 1055 1752 Rector
1090 1716 1293 1765 praeest,
1333 1703 1538 1754 Sacrum
1573 1698 1698 1752 facit

317 1770 570 1840 quotidie,
618 1783 790 1818 eorum
827 1767 1168 1818 confessiones
1204 1771 1421 1835 excipit,
1474 1769 1697 1821 eosdem-

317 1855 416 1906 que
451 1835 744 1886 salutaribus
785 1835 1043 1899 praeceptis
1096 1834 1315 1886 imbuere
1352 1832 1540 1887 desistit
1574 1851 1697 1884 nun-

318 1921 500 1972 quam.
538 1901 821 1969 Collegium
859 1896 1166 1966 peramplum
1204 1916 1303 1952 est:
1345 1903 1512 1968 capiet
1540 1900 1694 1952 alum-

316 1988 408 2023 nos
466 1970 526 2019 ad
580 1969 914 2035 quingentos;
963 1982 1113 2034 atque
1161 1967 1220 2018 ad
1277 1985 1363 2021 eos
1415 1979 1694 2019 sustentan-

320 2039 408 2089 dos
446 2038 596 2088 habet
632 2033 928 2084 facultatum
963 2038 1105 2086 satis.
1161 2037 1295 2085 Nam
1332 2049 1508 2104 magna
1544 2049 1693 2099 pecu-

317 2105 412 2155 niae
435 2104 510 2164 vi,
547 2101 876 2166 eleemosynae
915 2103 1149 2163 nomine,
1187 2105 1298 2152 cum
1334 2103 1396 2151 ab
1431 2100 1535 2151 aliis
1572 2099 1696 2149 mul-

317 2174 380 2223 tis
427 2170 655 2230 iuvatur,
703 2181 806 2217 tum
854 2174 976 2220 vero
1023 2170 1084 2218 ab
1123 2170 1273 2219 Indiae
1311 2169 1558 2218 Praetore.
1608 2168 1695 2216 Est

320 2241 468 2298 sane,
524 2253 607 2285 cur
644 2233 914 2285 Christiani
970 2252 1140 2286 omnes
1193 2237 1287 2285 hoc
1344 2231 1696 2293 Seminarium,

322 2305 455 2370 quod
490 2304 687 2352 Sancta:
744 2302 875 2351 Fidei
913 2303 1222 2366 appellatur,
1280 2301 1427 2350 DEO
1478 2298 1697 2367 gratule-

324 2387 461 2420 mur.
513 2369 713 2437 Qippe
750 2369 798 2417 in
851 2384 987 2433 spem
1026 2368 1274 2428 venimus,
1322 2364 1429 2416 fore
1467 2381 1521 2416 ut
1573 2366 1699 2415 intra

1517 2448 1635 2500 pau-
