1781 2889
341 181 501 234 lxxxii
636 183 1336 238 PROLEGOMENA

279 297 344 330 ex
367 299 536 331 eorum
562 298 767 332 numero
801 282 1011 332 maxime
1049 282 1362 348 ingeniosos,
1399 295 1457 329 ac
1487 276 1681 328 littera-

281 362 393 409 tos3
436 350 611 398 deinde
652 352 898 399 Sermonis
951 350 1202 413 utriusque
1252 349 1436 412 peritos
1475 346 1684 412 diligen-

280 415 469 464 tissime
506 417 813 480 conquisivi.
841 419 920 465 Ita
952 432 1061 464 cum
1091 417 1190 465 dies
1218 413 1495 476 complures
1529 427 1679 461 unum

277 480 329 528 in
362 482 526 531 locum
567 483 968 532 convenissemus
992 516 1002 531 .
1039 482 1291 531 communi
1335 496 1511 544 opera,
1552 495 1681 527 sum-

279 563 363 597 mo
415 549 586 597 labore
624 549 962 601 convertimus
1001 549 1373 598 Catechismum
1418 547 1465 594 in
1518 545 1681 594 Mala-

276 617 494 669 varicam
545 614 793 679 linguam.
833 618 998 683 Qam
1049 617 1154 682 Ego
1190 628 1243 664 ut
1288 614 1465 674 didici,
1505 627 1678 680 omnes

281 679 383 737 ejus
417 698 512 728 orae
555 680 688 728 vicos
726 681 868 729 obire
908 680 1115 743 coepi:.·:
1153 684 1278 730 Cum
1313 693 1544 744 quartum
1583 677 1681 736 jam
1750 729 1753 731 ,

279 763 500 795 mensem
534 746 583 793 in
616 747 802 808 oppido
840 748 1058 810 quodam
1097 747 1493 796 Christianorum
1545 761 1680 794 com-

278 828 523 861 morarer.
567 829 664 877 quo
703 813 1075 861 catechismum
1116 825 1533 862 converterem...
1558 816 1680 880 Qi-

278 879 362 927 hus
390 884 677 944 perspicuum
728 893 822 939 est,
871 883 1036 939 illum,
1082 896 1184 929 cum
1228 883 1428 945 primam
1477 882 1680 928 Comori-

276 948 392 992 num'
421 950 604 1011 tetigit,
644 960 844 1011 quatuor
881 964 1054 995 menses
1089 947 1401 995 con-vertendo
1440 945 1678 995 Catechis-

274 1030 343 1060 mo
381 1013 680 1078 impendisse,
717 1028 967 1077 antequam
1009 1011 1110 1074 ojus
1142 1031 1232 1062 >orae
1265 1017 1398 1063 vicos
1433 1013 1556 1060 obire
1592 1029 1679 1060 coe·

273 1084 444 1143 pisset.
486 1084 582 1128 Hos
618 1093 771 1127 autem
811 1084 938 1128 vicos
975 1098 1021 1129 se
1048 1078 1157 1139 jam
1195 1083 1382 1140 obiisse,
1409 1092 1554 1144 atque
1583 1080 1678 1126 lus-

272 1136 455 1207 trfzsse,
496 1164 595 1195 cum
633 1148 889 1208 Epistolam
932 1162 985 1194 11
1031 1147 1316 1194 ‘Tutucurino
1352 1146 1536 1204 dabat,
1577 1147 1680 1192 Xa-

273 1219 438 1262 verius
490 1217 555 1262 sic
607 1228 831 1267 enarrat.
884 1211 1114 1261 Obiimus
1172 1214 1561 1276 Neophytorum
1610 1210 1681 1260 vi-

274 1294 395 1328 cos:
453 1295 513 1328 ex
567 1295 668 1344 quo
724 1279 876 1345 igitur
931 1280 1026 1327 huc
1079 1279 1228 1339 veni,
1266 1280 1394 1329 haud
1431 1292 1681 1344 quaquam

273 1347 496 1395 cessavi:
553 1348 691 1394 vicos
746 1345 920 1395 sedulo
972 1345 1275 1394 circuibam:
1329 1348 1469 1395 Pueri
1508 1357 1680 1393 autem

273 1427 352 1461 me
409 1428 570 1481 neque
624 1411 845 1463 divinum
899 1410 1117 1462 officium
1157 1411 1472 1476 persolvere,
1516 1423 1678 1476 neque

271 1478 434 1527 cibum
471 1494 693 1538 sumere,
734 1494 896 1544 neque
933 1479 1154 1543 quietem
1192 1494 1372 1542 capere
1411 1478 1674 1538 sinebant,

272 1547 439 1609 quoad
477 1546 697 1611 aliquam
753 1545 1163 1609 deprecationem
1221 1561 1305 1594 eos
1363 1544 1678 1594 docuissem:

273 1613 568 1676 Symbolum
608 1613 1000 1676 Apostolorum,
1062 1611 1334 1662 Orationes
1392 1615 1571 1672 Pater,
1626 1623 1681 1661 et

273 1683 384 1729 Ave
441 1680 606 1729 Maria
663 1695 730 1728 eis
786 1679 1127 1729 inculcabam:
1187 1681 1259 1728 Ex
1299 1678 1479 1728 itinere
1517 1678 1564 1726 in
1616 1679 1678 1727 E-

271 1746 555 1805 thnicorurn
580 1762 757 1813 pagum
783 1745 992 1806 diverti,
1022 1746 1098 1794 ubi
1180 1746 1416 1809 oppidani
1434 1743 1675 1808 primarii,

270 1827 382 1860 cum
407 1830 492 1862 sua
532 1814 739 1878 quisque
778 1811 999 1873 familia,
1038 1812 1261 1878 primiad‘
1283 1813 1468 1863 Christi
1489 1811 1676 1862 cultum

269 1893 322 1931 Se
359 1892 696 1946 aggregarunt
731 1898 743 1941 3
781 1882 956 1930 horum
993 1879 1352 1929 auctoritatem
1390 1878 1557 1929 caeteri
1603 1893 1677 1928 se-

268 1945 371 1993 cuti
409 1960 551 1995 sunt:
593 1962 766 1994 omnes
791 1946 1028 2012 cujusque
1064 1948 1288 2014 generiS,
1325 1959 1479 2013 atque
1520 1949 1674 1996 aetatis

269 2013 520 2077 baptizati
542 2031 560 2064 .·
595 2013 686 2062 His
722 2014 864 2062 rebus
906 2013 975 2062 ita
1013 2011 1295 2074 confectis,
1319 2010 1675 2070 Tutucurinum

268 2091 409 2129 recta
445 2078 828 2129 contendimus.
885 2084 970 2129 Est
1026 2095 1180 2129 autem
1237 2082 1570 2130 ‘Tutucurinum
1625 2083 1673 2126 in

269 2161 348 2194 ora
405 2148 624 2195 Piscariae
676 2148 743 2195 ad
795 2151 1010 2196 orientem
1067 2151 1298 2196 Comorini
1344 2149 1670 2212 promontorii,

267 2211 421 2279 quod,
472 2212 647 2274 ajunt,
686 2228 715 2261 a
755 2217 855 2262 Goa
892 2215 1073 2263 distare
1108 2217 1256 2263 millia
1291 2229 1509 2277 passuum
1561 2230 1671 2260 sex-

264 2293 429 2327 centa.
483 2279 694 2345 Profecto*
734 2286 814 2344 qui
852 2281 945 2330 haec
979 2285 1128 2329 omnia
1167 2298 1266 2328 cum
1303 2282 1513 2337 coeteris,
1566 2296 1668 2344 quae

260 2349 310 2394 in
346 2345 515 2394 eisdem
558 2349 709 2398 ltteris
749 2362 1010 2398 narrantur
1024 2380 1037 2408 ,
1076 2350 1193 2397 serio
1227 2345 1523 2413 perpenderit
1544 2379 1576 2461 ,l
1583 2343 1669 2411 fa-

1517 2430 1555 2462 τι
1579 2430 1601 2461 e
