1781 2889
352 230 422 278 44
604 214 655 263 S.
689 213 1061 265 FRANCISCI
1098 207 1395 264 XAVERII
1473 202 1475 204 i

291 308 530 359 ‹linalium
565 309 897 378 gratiosorum
933 311 1062 374 apud
1098 313 1324 377 Regem,
1359 307 1400 359 si
1434 322 1549 360 eum
1600 308 1676 363 di-

292 390 563 441 gnarentur
597 376 838 426 accuratis
874 375 1025 426 literis
1062 375 1268 442 doceret,
1307 390 1453 442 quam
1488 374 1679 427 utiliter

289 443 664 504 impenderetur
710 441 843 508 regia
894 442 1104 506 pecunia
1153 444 1203 492 in
1254 441 1680 495 constructionem

291 508 405 559 talis
443 507 640 557 Domfis
664 541 678 554 .
712 506 878 556 Credo
916 507 964 554 in
999 507 1094 556 isto
1133 524 1339 558 numero
1363 508 1680 574 peculiariter

290 590 541 624 carorum·
578 571 708 638 Regi
745 574 1128 636 Purpuratorum
1165 577 1365 623 Patrum
1419 590 1521 624 esse
1559 576 1681 626 Car·
1719 601 1724 605 ·

291 638 510 688 dinalem
567 639 905 700 Car-pensem,
959 653 1260 709 argumento
1312 640 1428 690 inde
1490 637 1681 703 ducto}

293 704 429 771 quod
463 706 594 753 hunc
629 703 857 777 D'omino
891 705 1041 753 Petro
1075 703 1250 754 intime
1273 702 1569 757 familiarem
1590 718 1681 756 no·

298 771 375 820 vi:
413 784 566 836 quare
601 770 1028 820 commendatitia:
1064 771 1126 820 ab
1161 785 1223 820 eo
1260 769 1572 835 impetratae,
1607 770 1683 821 uti

292 837 351 890 δε
386 840 415 886 a
451 834 704 886 Cardinali
740 838 824 886 SS.
860 838 1093 906 Qatuor
1129 838 1540 898 Coronatorum‘,
1570 835 1686 890 &si

293 919 506 968 quorum
560 900 772 952 aliorum
827 902 1049 952 amicitia
1101 918 1212 953 curn
1267 900 1368 961 eius
1407 900 1682 963 Maiestate

295 985 399 1020 non
434 968 610 1037 ignota
647 968 786 1018 vobis
822 968 916 1032 sit,
953 967 1218 1034 plurimum
1269 969 1373 1018 sine
1425 968 1579 1018 dubio
1607 968 1717 1030 ,iu-⁸

294 1047 509 1086 varent.
545 1034 615 1094 Hi
649 1034 688 1084 si
724 1035 819 1100 qua
855 1052 915 1085 ex
953 1037 1100 1086 causa
1136 1037 1477 1086 detrectarent
1497 1036 1557 1084 ad
1582 1036 1683 1087 Re-

290 1118 407 1171 gem
443 1100 667 1166 protinus
703 1099 859 1166 ipsum
898 1101 987 1152 tali
1025 1102 1086 1151 de
1122 1117 1174 1151 re
1211 1101 1456 1163 scribere5
1494 1113 1547 1152 at
1583 1116 1683 1151 non

290 1171 417 1234 aegre
454 1167 634 1232 opinor
683 1168 1079 1228 adducerentur,
1134 1167 1402 1231 praesertim
1451 1170 1677 1233 Carpen-

291 1232 386 1292 sis,
423 1234 486 1282 ad
521 1231 800 1281 Dominum
838 1234 1076 1294 Petrum,
1114 1246 1170 1282 ut
1204 1236 1495 1300 cum'Rege
1533 1249 1684 1302 nego·

290 1298 417 1348 tium
452 1310 673 1358 tractet,
712 1298 769 1351 &
805 1297 921 1348 boni
959 1295 1099 1358 hujus
1137 1299 1312 1362 Operis
1349 1298 1683 1362 patrocinium

292 1364 425 1428 apud
462 1381 577 1414 eum
613 1364 980 1427 amplectatur,
1005 1363 1239 1427 privatim
1259 1366 1502 1415 orandum
1527 1404 1538 1415 .
1560 1367 1687 1418 Prce-

291 1444 435 1480 terea
461 1429 508 1493 xsi
545 1430 735 1480 Orator
754 1432 907 1497 Regis
944 1431 1027 1497 qui
1062 1431 1206 1480 isthic
1243 1445 1347 1491 est,
1384 1432 1576 1495 optime
1610 1430 1685 1480 af-

290 1496 455 1546 fectus
507 1495 560 1551 in,
605 1496 916 1547 Societatem
963 1497 1054 1558 sit,
1108 1497 1366 1560 prodesset
1414 1502 1532 1565 sane
1580 1512 1684 1548 non

289 1564 467 1624 partim
500 1560 768 1627 impetrare
804 1564 865 1611 ab
901 1579 963 1613 eo
1000 1563 1050 1611 in
1086 1563 1133 1612 id
1168 1562 1323 1626 ipsum
1354 1561 1686 1630 literaS,quae

290 1628 426 1695 Regi
459 1640 772 1692 exponerent
814 1629 864 1678 in
918 1632 1107 1695 quanta
1144 1630 1467 1681 necessitate,
1498 1629 1685 1682 favoris

295 1694 407 1744 Suae
447 1693 732 1756 Maiestatis
768 1712 842 1744 res
878 1694 928 1743 in
965 1696 1083 1745 urbe
1120 1709 1301 1745 nostrae
1338 1695 1466 1746 sint.
1669 1734 1674 1741 .

366 1776 411 1828 3.
450 1762 572 1813 Non
608 1762 859 1812 omittatis
896 1777 982 1810 vos
1019 1760 1106 1827 ipsi
1140 1762 1352 1812 scribere
1405 1763 1466 1811 ad
1506 1749 1687 1824 Domi-

300 1841 418 1875 num
454 1829 655 1878 Petrum
709 1827 1111 1890 Mascareniam‚
1159 1844 1275 1878 nam
1330 1827 1572 1894 quantum
1605 1826 1690 1890 illgb

297 1892 585 1960 delectetur
618 1894 790 1944 vestris
827 1894 980 1944 literis
1000 1929 1015 1957 ‚
1050 1893 1192 1944 nullis
1228 1895 1346 1946 satis
1380 1895 1540 1946 verbis
1576 1910 1686 1960 pos-

299 1975 403 2008 sem
441 1959 752 2024 exprimere.
788 1963 903 2012 Hoc
939 1965 1082 2011 certo
1117 1963 1358 2023 teneatis,
1409 1961 1563 2012 amari
1598 1976 1691 2013 vos

303 2025 368 2073 ab
405 2041 468 2075 eo
505 2029 696 2076 multllm
734 2031 780 2075 in
818 2031 1045 2077 Domino:
1098 2045 1216 2094 quas
1250 2032 1279 2079 ὲ
1315 2028 1457 2078 vobis
1506 2026 1690 2091 accipit

299 2091 473 2141 literas
509 2093 862 2145 studiosissime
913 2109 1214 2157 conservat,
1265 2091 1574 2160 pedetentim
1620 2094 1689 2145 le-

299 2157 489 2219 ctitat,
525 2175 638 2209 cum
693 2160 960 2223 voluptate
1014 2159 1276 2227 fructuque
1321 2158 1501 2219 animi,
1554 2158 1690 2219 cujus

302 2224 437 2292 signa
474 2225 524 2274 in
551 2226 713 2283 ‚vultu
742 2228 983 2278 renidenti
1038 2228 1152 2278 laeta
1208 2235 1410 2278 extant.
1445 2226 1687 2291 Equidem

302 2307 365 2341 ex
422 2292 491 2340 his
546 2291 735 2341 indiciis
782 2293 1066 2361 intelligens
1101 2293 1245 2359 quam
1298 2293 1338 2341 is
1385 2306 1548 2342 vester
1596 2295 1688 2357 sit,

307 2357 549 2421 obstringi
586 2359 886 2410 eonomine
922 2363 1015 2410 me‘
1037 2359 1199 2412 sentio
1234 2359 1295 2408 ad
1331 2375 1411 2410 me
1446 2358 1687 2422 ips11m·1‘11

1417 2441 1619 2479 omnem
