1781 2889
231 177 749 234 EPISTOLARUM.
787 179 890 231 Lib.
925 183 969 232 1.
1001 178 1090 246 Ep.
1128 180 1277 232 xm.
1346 193 1403 250 73

111 293 313 349 gruant,
353 277 497 329 facile
533 279 768 327 adductus
788 295 920 340 sum,
958 291 1015 331 ut
1049 280 1150 329 haec
1170 279 1256 329 abs
1291 292 1342 329 te
1378 277 1480 337 ejus

112 347 309 397 nomine
346 345 672 408 postularem.

176 431 220 464 2.
255 411 464 460 Primum
512 411 662 477 igitur
709 405 943 475 quoniam
997 407 1103 461 Indi
1156 411 1204 459 S.
1241 407 1482 460 Thomam

108 476 429 542 Apostolum,
484 477 631 526 Indiae
679 489 972 540 patronum,
1035 477 1334 526 sanctissime
1395 492 1482 539 cof

106 544 242 605 lunt3
279 544 342 590 ad
377 541 514 601 hujus
551 543 884 593 venerationis
922 545 978 596 ὃς,
1013 543 1174 591 cultus
1211 539 1485 607 amplifica-

106 612 325 669 tionem,
378 608 533 658 vellet
584 609 634 656 in
689 608 817 658 diem
856 603 1112 672 ,Apostolo
1164 624 1383 667 sacrum,
1422 608 1481 672 ὃς

104 687 293 738 septem
331 673 642 739 insequentes
676 675 873 738 plenam
895 672 1259 740 indulgentiam
1294 676 1323 724 a
1357 674 1484 723 Pon·

103 741 238 790 tifice
278 740 504 789 Maximo
540 740 777 803 impertiri
795 742 848 788 iis
869 742 1136 801 duntaxat,
1175 741 1256 806 qui
1291 754 1378 804 per
1395 750 1497 787 eos

106 806 205 856 dies
241 806 334 855 rite
370 804 583 855 confessi
622 807 683 854 ad
719 823 907 855 sacram
956 806 1271 856 Eucharistiae
1319 819 1485 854 acces-

106 872 259 922 serint
289 887 542 920 mensam.
581 875 726 921 Hanc
763 873 846 921 ille
903 871 1244 922 conditionem
1297 867 1483 920 idcirco

110 937 343 987 videlicet
377 937 609 1002 requirit,
646 954 701 986 ut
736 936 942 1002 populus
996 939 1056 985 ad
1107 951 1293 987 sacram
1346 937 1484 986 Con-

103 1002 368 1052 fessionem
406 1003 917 1068 Communionemque
953 1001 1248 1062 inducatur,
1285 1002 1485 1067 diesque

105 1067 258 1118 festus
311 1069 386 1130 pie
422 1072 720 1133 sancteque,
774 1083 828 1118 ut
878 1084 964 1132 par
1011 1081 1118 1129 est,
1166 1068 1479 1129 celebretur;

105 1135 376 1198 praesertim
446 1140 565 1182 vero
627 1136 737 1182 cum
791 1135 1189 1202 Qadragesimae
1255 1146 1482 1197 tempore

107 1201 278 1266 (quod
314 1200 384 1249 his
418 1199 537 1248 locis
577 1197 634 1247 in·
660 1212 883 1249 aestatem
918 1197 1127 1267 incidit)
1179 1215 1351 1250 omnes
1405 1199 1484 1246 hic

103 1266 203 1315 sint
241 1265 288 1313 in
324 1265 495 1315 armis.
532 1264 729 1334 Qippe
767 1266 878 1315 Indi
912 1268 1068 1327 terra,
1107 1266 1329 1316 Lusitani
1363 1264 1487 1312 mari

106 1331 459 1384 dominanturo
494 1334 611 1401 Qo
649 1332 731 1392 fit,
768 1344 883 1382 toto
920 1347 973 1381 ut
1008 1348 1148 1381 sacis>
1184 1329 1271 1381 illo
1293 1345 1485 1393 tempor-

106 1415 161 1447 re
215 1397 264 1445 in
317 1414 368 1446 re
420 1397 621 1447 militari
666 1412 724 1446 ac
773 1397 1097 1464 navigatione
1145 1407 1481 1470 consumpto,

107 1462 291 1513 milites
326 1479 384 1511 ac
418 1475 718 1514 mercatores
756 1463 906 1531 vulgo
940 1465 1038 1513 sint
1058 1462 1397 1514 Confessionis
1427 1457 1486 1513 &

107 1528 427 1579 Eucharistiae
465 1545 655 1593 prorsus
692 1545 920 1595 expertes
942 1566 953 1578 .
989 1529 1246 1598 roirca
1270 1527 1487 1587 Praetor,

108 1608 168 1643 ut
201 1595 421 1644 homines
456 1598 518 1645 ad
552 1609 861 1644 sacramenta
912 1597 1255 1659 pelliciantur,
1294 1596 1420 1644 hanc
1455 1595 1486 1644 ὰ

107 1659 349 1709 Pontifice
388 1661 708 1726 Indulgentiae
747 1660 1032 1710 illecebram
1078 1661 1326 1723 postulat3
1380 1672 1485 1724 quae

105 1728 226 1774 sane
264 1726 357 1776 erit
393 1728 526 1790 quasi
564 1726 719 1774 altera
754 1722 1181 1794 Qiadragesima.
1455 1786 1463 1796 .

182 1808 226 1858 3.
278 1790 406 1841 Petit
458 1792 666 1852 deinde,
721 1805 773 1840 ut
827 1790 965 1852 hujus
1017 1793 1143 1841 urbis
1192 1787 1490 1841 nosocomiis

105 1855 208 1905 hoc
256 1859 284 1904 a
334 1857 575 1906 Pontifice
626 1857 853 1920 impetres
904 1858 1153 1917 beneficii,
1192 1871 1248 1906 ut
1283 1853 1489 1922 aegroti,

112 1924 383 1986 eorumque
438 1922 741 1982 administri,
795 1923 988 1988 quoties
1045 1920 1259 1974 confessi
1310 1921 1493 1971 Christi

112 1988 307 2051 Corpus
344 1988 622 2051 accipient,
661 1988 880 2040 omnium
927 2003 1248 2053 peccatorum
1296 2000 1490 2036 suorum

110 2053 479 2120 Indulgentiam
534 2069 935 2119 consequantur:
993 2057 1261 2105 morientes
1325 2065 1491 2101 autem

110 2118 259 2182 culpa
294 2120 478 2182 pariter
513 2119 837 2169 absolvantur
875 2121 930 2173 <Sc
969 2121 1143 2184 poena.
1165 2121 1220 2170 Id
1239 2123 1359 2168 vero
1382 2131 1494 2166 eam

112 2184 179 2234 ob
216 2201 410 2234 causam
448 2185 668 2249 expetit,
729 2198 784 2235 ut
820 2186 932 2251 aegri
967 2183 1298 2236 Sam-amentis
1348 2196 1493 2232 utan-

111 2262 191 2299 tur
226 2249 560 2315 frequentius3
598 2251 821 2301 valentes
857 2264 1024 2300 autern
1059 2250 1289 2301 libentius
1343 2248 1494 2298 inser·

114 2315 255 2367 viant
306 2318 472 2384 aegris,
523 2331 672 2382 atque
728 2319 776 2366 ln
830 2317 1196 2382 piisoperibus
1257 2335 1305 2369 se
1358 2330 1494 2367 exer»

1241 2394 1441 2446 ceant3'
