1781 2889
378 186 474 226 112
602 171 651 218 S.
686 168 1054 221 FRANCISCI
1089 169 1386 221 XAVERII

306 270 694 339 transmigrant,
742 268 1095 343 quamprimum
1146 266 1327 316 invises
1363 280 1447 316 eos
1501 265 1686 340 quiex

309 337 427 402 ipsis
461 348 741 405 aegrotant,
778 336 1151 385 circumducens
1187 346 1353 384 tecum
1388 348 1475 398 per
1510 349 1682 384 eorum

313 419 454 454 casas
490 418 694 467 puerum
731 401 811 467 qui
857 416 1001 464 super
1047 400 1155 449 illos
1202 400 1380 450 recitet
1429 401 1688 450 orationes

309 485 432 537 quas
467 468 617 519 habes
665 468 946 534 designatas
992 467 1040 515 in
1092 465 1334 516 mandatis
1385 464 1470 516 tibi
1524 469 1553 517 ἐι
1606 482 1687 518 me

309 536 505 598 scripto
539 533 731 585 traditis
753 570 764 580 .
803 532 890 582 His
928 531 1137 594 expletis
1173 544 1226 582 tu
1275 532 1338 580 ad
1374 545 1685 597 extremum,

307 603 452 655 Evan
491 598 574 650 elii
606 610 806 651 comma
859 597 1059 647 solitum
1095 595 1186 648 tali
1238 598 1504 650 occasione
1557 599 1686 663 dici,

306 683 442 720 §eme
501 664 877 728 pronunciabis:
935 664 997 713 de
1033 676 1217 715 caetero
1253 665 1527 716 memineris
1564 665 1687 715 mul-

305 735 363 784 ta
397 748 593 798 semper
625 730 990 799 significatione
1025 730 1248 782 caritatis
1283 747 1392 779 cum
1424 732 1516 782 hac
1549 734 1688 784 Gen.

305 814 362 851 te
398 815 580 867 agere,
631 798 849 849 studiose
897 796 1140 847 affectans
1190 809 1412 845 mutuam
1466 814 1579 866 erga
1633 812 1687 850 te

302 866 524 932 ipsorum
561 863 969 914 benevolentiam
1007 863 1239 914 allicere.
1278 863 1573 914 Delectaret
1607 883 1687 917 me

305 935 346 985 si
402 933 690 991 nunciareS,
743 930 993 981 neminem
1047 929 1143 991 jam
1181 944 1242 978 ex
1296 929 1388 979 illis
1442 930 1686 982 Orracam

308 1000 509 1060 bibere,
546 998 795 1049 nerninem
832 997 1054 1063 Pagodes
1105 996 1362 1059 sculpere;
1431 1012 1688 1052 accurrere

304 1066 563 1119 universos
600 1063 882 1115 Dominicis
907 1063 1077 1113 diebus
1100 1064 1162 1111 ad
1191 1061 1541 1114 recitationem
1580 1082 1689 1130 pre-

307 1149 455 1193 cum,
505 1147 599 1185 nec
638 1129 719 1182 ubi
760 1129 889 1180 forte
925 1130 1082 1181 minus
1121 1130 1222 1178 haec
1275 1144 1466 1195 semper
1499 1131 1563 1180 ad
1599 1149 1689 1183 vo-

303 1212 411 1251 tum
446 1197 803 1257 successerint,
843 1195 1127 1263 frangamur
1161 1194 1370 1259 animis;
1407 1197 1602 1263 utique.
1638 1215 1686 1250 e·

305 1277 595 1333 putantesq
627 1263 674 1312 Si
714 1262 809 1323 jam
847 1276 952 1312 tum
988 1279 1049 1312 ex
1086 1278 1149 1312 eo
1202 1278 1303 1327 quo
1339 1261 1545 1326 primum
1617 1282 1688 1317 aec

303 1331 578 1385 miserrima
612 1331 748 1378 Gens
784 1329 986 1379 Christo
1035 1343 1218 1377 nomen
1255 1329 1393 1378 dedit
1426 1342 1686 1395 tempore,

303 1397 501 1450 sedulos
555 1412 747 1459 semper
795 1396 856 1445 ad
908 1394 1035 1445 latus
1090 1395 1360 1461 Magistros
1411 1396 1687 1460 habuisset,

304 1465 389 1531 qui
438 1478 582 1523 eam,
635 1475 690 1511 ut
726 1474 778 1510 tu
829 1478 958 1512 nunc
1008 1460 1153 1520 faciS‚
1210 1464 1500 1526 necessaria,
1536 1463 1689 1514 doce-

302 1542 448 1591 rent;
487 1545 558 1577 nae
596 1527 704 1577 illos
741 1528 869 1576 haud
906 1528 1057 1590 paulo
1093 1529 1237 1592 quam
1272 1541 1408 1589 sunt,
1459 1528 1689 1581 meliores

301 1597 457 1651 modo
492 1594 799 1649 Christianos
847 1593 992 1643 fuisse
1030 1592 1219 1644 futuros
1241 1630 1252 1641 .
1300 1593 1559 1661 Largiatur
1594 1597 1689 1647 uti-

304 1680 423 1718 nam
459 1660 570 1711 Tibi
620 1661 866 1710 Dominus
921 1662 1108 1709 Noster
1142 1672 1337 1708 tantum
1383 1661 1691 1713 consolatio-

305 1734 380 1784 nis
418 1733 466 1783 in
505 1727 597 1776 hac
634 1727 772 1787 vita,
810 1728 868 1781 <Sc
903 1726 1075 1794 gloriae
1115 1726 1161 1773 in
1200 1724 1396 1789 futura,
1449 1742 1689 1795 quantum

306 1796 398 1861 ipsi
437 1793 552 1845 mihi
592 1793 770 1855 cupio.
808 1794 968 1843 Vale.
992 1795 1268 1858 Manapare
1304 1812 1383 1846 vr.
1419 1795 1529 1848 Kal.
1547 1796 1688 1863 Apri-

299 1864 360 1920 lis
399 1866 494 1916 An.
534 1859 840 1911 MDXLIV.

435 1993 567 2044 Tuus
603 1991 652 2043 in
689 1991 890 2043 Christo
927 1993 1291 2046 amantissimus
1327 1993 1495 2046 Frater

1108 2129 1385 2178 franciscus
1402 2162 1414 2176 .

1491 2391 1623 2444 EPI-
