1781 2889
352 202 510 256 xcviii
672 201 1326 256 PROLGOMENA

291 301 345 353 in
377 298 709 352 destitutione
744 299 961 348 maxima
986 337 998 349 .
1035 298 1351 348 Franciscus.
1387 297 1601 366 Profecto
1637 319 1701 352 ex

293 373 405 419 aliis
442 369 696 434 Epistolis,
742 369 975 433 Januario
1027 366 1107 415 hoc
1161 384 1345 427 mense,
1398 372 1701 433 proximoque

295 440 549 485 Decembri
588 439 755 484 Cocino
790 436 952 493 datis,
990 447 1161 481 certum
1211 446 1313 492 est,
1366 447 1423 481 ac
1477 435 1698 501 manifes-

292 516 417 563 tum,
456 519 533 553 eas
570 521 631 550 ex
666 504 829 550 itinere
867 500 1226 548 ‘Travancoride
1261 502 1440 559 Goam‚
1478 515 1521 550 et
1555 505 1604 549 in
1624 519 1697 550 re-

293 571 400 619 ditu
442 570 597 636 fuisse
634 572 947 632 conscriptas.
987 568 1116 615 Illud
1151 583 1296 625 vem,
1335 568 1457 629 quod
1509 571 1556 614 in
1609 567 1699 617 hac

295 639 547 685 Xaverius
599 634 656 681 de
704 636 799 682 loco
853 634 1050 683 dicit:.·.·
1087 634 1146 681 In
1181 633 1277 681 hoc
1313 632 1698 683 Travancoridis

293 704 507 766 Regno,
557 699 641 747 ubi
690 714 893 760 versor,
930 713 1107 762 posset,
1163 702 1211 749 ni
1251 696 1434 762 fallor,
1486 701 1698 749 habitum

279 771 444 834 ‘potius
500 768 739 825 locorum,
796 770 843 812 in
895 766 1063 830 quibus
1103 762 1212 828 fere
1263 777 1371 813 tunc
1424 766 1697 829 habitaret,

296 837 441 901 quam
481 832 615 895 ejus,
655 835 750 897 quiz
787 836 1041 893 transiret,
1083 832 1354 896 signtficare
1376 868 1388 880 .
1424 835 1527 885 Nec
1563 833 1700 900 quid-

299 918 444 968 quam
483 904 530 947 in
567 898 725 948 eadem
776 898 916 948 video
952 901 1194 962 Epistola,
1252 916 1338 965 quo
1387 899 1555 947 valeat
1605 900 1702 947 die-

298 986 406 1017 rum
463 983 522 1017 12
559 970 782 1015 varietas
817 971 911 1014 ista
948 967 1136 1028 definiri
1159 1001 1171 1013 .
1208 967 1350 1015 Porro
1388 967 1575 1014 Lucena
1599 968 1704 1015 Xa-

297 1039 486 1086 verium
530 1032 666 1098 facit
715 1037 881 1080 Cocino
917 1033 991 1080 die
1029 1049 1089 1098 27
1131 1034 1244 1098 Jan.
1279 1032 1551 1083 scribentem
1601 1049 1701 1083 cum

300 1104 527 1156 Societati
566 1102 792 1158 Romam,
832 1113 926 1147 tum
963 1103 1101 1148 etiam
1136 1101 1405 1150 Mansillae.

291 1230 802 1286 EPISTOLARUM

295 1300 435 1348 Ordo
472 1315 624 1347 novus
896 1298 1029 1348 Ordo
1063 1310 1206 1347 vetus

296 1367 410 1414 Lib.
482 1381 529 1415 2.

315 1435 407 1497 Ep.
478 1448 520 1498 5.
558 1434 612 1481 P.
658 1432 753 1499 l.3
805 1447 874 1498 ep.
914 1447 1012 1492 12,·
1063 1430 1118 1479 ‘I‘-
1169 1433 1201 1479 l.
1258 1447 1281 1481 1

594 1511 664 1562 ep.
723 1515 813 1560 11;
868 1502 956 1558 C.,
1022 1496 1285 1545 Francisco

602 1564 855 1614 Mansillae
876 1601 886 1612 .
910 1568 1233 1630 Negapatano
1252 1578 1284 1629 7

598 1635 757 1694 Apr.;
795 1637 851 1681 C.
890 1632 1044 1682 Mart.
1086 1645 1207 1696 1545
1260 1659 1281 1668 ·
1350 1645 1383 1698 7
1416 1633 1539 1697 Apr.
1577 1641 1700 1698 1545

364 1704 519 1767 Qem
570 1699 786 1762 Aprilem
845 1715 1039 1746 mensem
1098 1695 1347 1746 Tursellini
1400 1710 1702 1763 excerptum,

293 1770 504 1818 eumdem
561 1768 754 1830 integra
809 1767 989 1814 Possini
1028 1766 1272 1828 Epistola,
1312 1768 1479 1815 Cutill.
1516 1782 1602 1812 non
1623 1767 1702 1813 vi-

297 1850 385 1894 sa,
435 1846 735 1899 repraesentat
757 1850 774 1882 :
823 1848 1014 1897 quorum
1049 1831 1242 1896 proinde
1261 1832 1443 1896 fidem,
1479 1846 1536 1881 ac
1572 1834 1703 1879 testi-

298 1904 498 1949 monium
536 1899 720 1963 infirmo
756 1901 924 1948 Cutill.
961 1912 1234 1963 argumento
1268 1898 1586 1966 praeferimus.
1614 1899 1703 1945 Est

240 1975 250 1986 ·
297 1983 455 2017 autem
506 1966 585 2014 hoc
636 1982 776 2012 unum
831 1968 998 2014 Cutill.
1051 1980 1376 2030 argumentum
1410 1983 1427 2016 :
1487 1975 1699 2026 constat,

299 2036 572 2084 Xaverium
597 2030 707 2093 jam
744 2031 852 2079 inde
885 2047 916 2078 a
952 2045 1009 2098 25
1048 2034 1220 2081 Martii
1259 2046 1413 2099 1545,
1461 2035 1700 2096 Nagapa-

295 2113 409 2152 tano
444 2101 755 2163 Meliaporam
792 2099 988 2146 solvisse
1005 2116 1027 2158 ,·
1062 2097 1150 2147 hac
1185 2101 1359 2147 scilicet
1393 2101 1582 2163 epistola
1629 2099 1699 2143 in-

297 2167 450 2216 didem
509 2168 684 2226 missa,
723 2165 798 2213 die
836 2163 1011 2213 Martii
1065 2180 1126 2231 7,
1178 2170 1300 2215 certa>
1348 2179 1457 2213 ante
1503 2181 1536 2231 7
1580 2163 1700 2226 Apr.

298 2236 465 2284 Verum
501 2247 532 2280 a
570 2231 828 2280 Tursellino
848 2263 863 2291 ‚
901 2234 1125 2292 Garzia,
1178 2246 1322 2297 atque
1367 2229 1578 2292 Massejo
1627 2246 1699 2278 re-

294 2306 413 2351 scire
460 2312 708 2363 potuerat,
758 2299 959 2356 navim,
999 2313 1139 2364 quam
1177 2299 1420 2346 Xaverius
1457 2300 1698 2364 Nagapa-

297 2369 402 2416 tani
439 2365 799 2428 conscenderat,
823 2364 959 2432 faeda
995 2377 1269 2431 tempestate
1314 2376 1498 2425 coorta,
1544 2364 1697 2412 eodem

1473 2431 1631 2481 revol-
