1781 2889
212 207 728 261 EPISTOLARUM.
767 209 954 260 LthI.
975 211 1063 289 Ep.
1087 212 1232 260 XIII.
1303 225 1389 281 253

79 306 347 369 putandum
403 321 486 355 eos
552 306 672 354 εἰει-ἐι
730 318 938 356 mortem
991 320 1061 357 tiun
1054 303 1358 355 nsferendos
1410 308 1459 358 in

83 383 329 435 speratam
384 374 439 425 &
487 371 807 434 promeiitam
847 373 965 453 *ipsis
1001 372 1324 422 felicitatem:
1378 391 1460 423 ve-

83 441 186 487 ιιιιιι
221 453 251 483 ιι
292 453 495 510 quoque
539 450 749 487 mortem
785 443 914 502 prius
949 440 1243 512 gustabunt,
1296 454 1355 486 ac
1390 441 1457 488 sic

44 524 48 530 ’
79 519 190 552 cum
226 504 414 553 caeteris
454 502 566 551 vitae
604 504 812 566 redditi,
868 505 958 553 suis
996 519 1235 569 quisque,
1286 505 1456 554 iisdem

79 585 183 633 quae
219 568 348 631 priris
386 569 691 631 habuerant,
730 571 1014 634 emporibus
1048 569 1338 632 resumptis,
1373 573 1457 621 sed

81 651 170 698 per
207 634 378 684 beatas
435 636 578 683 dotes
614 634 664 682 in
714 649 901 686 statum
947 634 1229 687 lUiefolmatS
1284 636 1456 686 melio-

77 715 216 761 rem,
253 700 534 749 transibunt
570 700 618 747 in
654 715 840 750 sortem
876 703 1117 766 promissae
1169 699 1453 752 felicitatis

139 768 309 833 30.‹In
347 768 474 815 hunc
511 767 708 815 modum
747 767 947 818 Christo
985 769 1144 832 JESU
1181 768 1242 814 ad
1292 783 1454 831 supre-

75 848 207 883 mum
229 833 558 906 exerce-ndum
576 833 822 896 Judicium
859 838 884 885 e
907 835 1049 883 Caelis
1087 834 1448 895 descendente,

75 913 244 946 omnes
280 915 309 946 a
345 898 504 961 primo
542 900 601 946 ad
624 899 849 949 ultimum
889 900 1137 959 homines,
1176 902 1449 961 priusmor-

72 963 178 1023 tui,
214 976 497 1034 resurgent,
537 981 706 1014 omnes
744 967 804 1012 ab
841 982 902 1014 eo
938 964 1313 1037 iudicabuntur,
1363 966 1450 1014 bo-

73 1028 123 1075 ni
159 1042 343 1091 pariter
390 1030 446 1081 &
483 1022 625 1079 mali:
680 1048 850 1080 verum
889 1031 1081 1097 ingenti
1120 1033 1175 1082 ὃ(
1213 1030 1261 1077 ιιι
1300 1048 1448 1080 omne

71 1093 300 1157 deinceps
354 1111 511 1148 aevum
548 1097 876 1156 immutabili,
930 1072 1205 1145 discrimine
1241 1095 1335 1144 illis
1387 1098 1450 1146 ad

69 1159 334 1225 gaudium,
389 1160 458 1208 his
509 1163 571 1210 ad
625 1163 830 1212 exitium
884 1163 1222 1228 gemitumque
1274 1178 1449 1226 pcipe-

69 1238 209 1275 tuum
247 1225 546 1274 transituris.
600 1231 745 1276 Hanc
783 1231 991 1277 Sanctus
1040 1229 1284 1288 Philippus
1337 1245 1447 1288 pro-

70 1291 212 1340 fitens
250 1290 543 1352 veritatem,
592 1292 745 1341 dixit:
787 1295 936 1342 Credo
972 1299 1017 1342 in
1052 1294 1275 1355 JESUM
1313 1295 1450 1342 Chri-

67 1371 189 1405 stum
226 1361 249 1409 ἑ
290 1360 413 1407 Coelo
466 1371 719 1413 venturum
754 1360 819 1412 ad
860 1359 1149 1423 judicandos
1201 1362 1348 1407 vivos
1399 1363 1451 1409 (ἵν

66 1435 294 1474 mortuos.

137 1503 213 1554 31.
249 1488 467 1566 Qando
515 1488 783 1538 Christiani
833 1490 1006 1540 Crucis
1056 1489 1218 1538 forma
1264 1505 1352 1539 nos
1389 1489 1450 1537 si-

73 1568 308 1619 gnamus,
376 1553 700 1605 Sanctissimae
754 1556 1006 1604 Trinitatis
1043 1556 1228 1604 Fidertr
1261 1568 1449 1604 certam

75 1618 395 1681 profitemur.
431 1619 487 1668 Id
523 1620 809 1681 [ny-sterium
847 1620 1121 1677 hujusmodi
1156 1633 1256 1669 est:
1283 1623 1449 1668 Deum

70 1700 220 1731 unum
258 1683 414 1731 solum
467 1683 762 1756 singularem
812 1688 1052 1734 credimus
1099 1686 1156 1737 ὅτ
1209 1685 1445 1746 colimus,

66 1750 151 1797 sed
188 1749 389 1799 Trinum
429 1752 641 1799 eundem
677 1766 725 1797 ιιι
764 1751 1006 1800 Personis.
1043 1751 1198 1803 Prima
1236 1767 1445 1813 persona

71 1818 209 1864 Deus
247 1816 425 1874 Pater,
476 1832 576 1863 non
613 1828 687 1863 est
723 1814 911 1877 factus,
960 1834 1052 1866 nec
1089 1828 1314 1877 creatus,
1351 1833 1445 1866 nec

68 1880 295 1947 genituS.
331 1881 558 1930 Secunda
581 1883 792 1930 Persona
833 1886 968 1933 Deus
1003 1882 1179 1943 Filius,
1217 1894 1291 1931 est
1309 1882 1446 1947 geni-

67 1959 148 1995 tus
184 1948 211 1995 ὰ
251 1949 366 1995 Deo
403 1949 572 2005 Patie,
609 1963 707 1996 non
746 1946 903 1997 factus
941 1964 1032 1999 nec
1068 1960 1290 1997 creatus.
1327 1951 1443 1997 Ter-

68 2011 140 2061 tia
176 2015 387 2060 Persona
443 2012 648 2076 Spiritus
703 2015 912 2062 Sanctus
963 2014 1187 2077 procedit
1221 2018 1249 2063 ἐι
1300 2017 1444 2062 Patre

71 2079 126 2129 ὅ(
166 2077 322 2135 Filio,
376 2094 473 2126 non
510 2091 702 2128 creatus
751 2096 841 2128 nec
875 2082 1100 2146 genitus.
1155 2080 1207 2128 Id
1259 2079 1442 2129 indica-

73 2159 177 2190 mus
216 2144 412 2207 quoties
450 2160 537 2191 nos
573 2143 841 2208 signamus,
889 2162 1082 2207 exprses
1077 2147 1115 2195 ἓι
1153 2162 1237 2207 per
1272 2161 1445 2193 manus

72 2221 262 2257 motum
314 2208 481 2257 Crucis
532 2209 708 2274 figura
756 2212 989 2259 Ponendo
1042 2210 1171 2259 enirn
1221 2204 1446 2259 dextram

71 2273 121 2321 in
157 2273 353 2333 fr,onte
391 2274 629 2338 simulque
665 2276 1033 2337 pronunciando
1056 2283 1110 2325 In
1144 2282 1319 2324 nomine
1352 2280 1444 2324 Pa-

72 2342 158 2388 tris
203 2341 589 2391 demonstramus
652 2344 817 2392 Deum
867 2344 1062 2394 Patrem
1115 2358 1206 2393 nec
1256 2340 1443 2390 factum

1282 2424 1375 2458 nce
