<?xml version="1.0" encoding="UTF-8"?>
<!DOCTYPE html PUBLIC "-//W3C//DTD XHTML 1.0 Transitional//EN"
    "http://www.w3.org/TR/xhtml1/DTD/xhtml1-transitional.dtd">
<html xmlns="http://www.w3.org/1999/xhtml" xml:lang="en" lang="en">
 <head>
  <title>
</title>
<meta http-equiv="Content-Type" content="text/html;charset=utf-8" />
  <meta name='ocr-system' content='tesseract 3.04.00' />
  <meta name='ocr-capabilities' content='ocr_page ocr_carea ocr_par ocr_line ocrx_word'/>
</head>
<body>
  <div class='ocr_page' id='page_1' title='image "./sfranciscixaveri01fran_0220.png"; bbox 0 0 1781 2889; ppageno 0'>
   <div class='ocr_carea' id='block_1_1' title="bbox 399 226 1430 300">
    <p class='ocr_par' dir='ltr' id='par_1_1' title="bbox 399 226 1430 300">
     <span class='ocr_line' id='line_1_1' title="bbox 399 226 1430 300; baseline 0.013 -28"><span class='ocrx_word' id='word_1_1' title='bbox 399 231 468 300; x_wconf 71' lang='lat'>64</span> <span class='ocrx_word' id='word_1_2' title='bbox 635 226 685 275; x_wconf 84' lang='lat' dir='ltr'>S.</span> <span class='ocrx_word' id='word_1_3' title='bbox 720 226 849 279; x_wconf 70' lang='lat' dir='ltr'>1ka</span> <span class='ocrx_word' id='word_1_4' title='bbox 860 227 1099 279; x_wconf 83' lang='lat' dir='ltr'>NCISCI</span> <span class='ocrx_word' id='word_1_5' title='bbox 1130 230 1430 285; x_wconf 41' lang='lat' dir='ltr'>«XAVERII</span> 
     </span>
    </p>
   </div>
   <div class='ocr_carea' id='block_1_2' title="bbox 288 329 1726 2508">
    <p class='ocr_par' dir='ltr' id='par_1_2' title="bbox 296 329 1726 1988">
     <span class='ocr_line' id='line_1_2' title="bbox 339 329 1726 397; baseline 0.002 -19"><span class='ocrx_word' id='word_1_6' title='bbox 339 329 477 382; x_wconf 75' lang='lat' dir='ltr'>facta</span> <span class='ocrx_word' id='word_1_7' title='bbox 495 364 507 391; x_wconf 89' lang='lat'>‚</span> <span class='ocrx_word' id='word_1_8' title='bbox 523 346 696 387; x_wconf 62' lang='lat' dir='ltr'>,omnes</span> <span class='ocrx_word' id='word_1_9' title='bbox 719 331 784 379; x_wconf 85' lang='lat' dir='ltr'>eis</span> <span class='ocrx_word' id='word_1_10' title='bbox 800 345 950 379; x_wconf 86' lang='lat' dir='ltr'>naves</span> <span class='ocrx_word' id='word_1_11' title='bbox 971 329 1031 378; x_wconf 89' lang='lat' dir='ltr'>ad</span> <span class='ocrx_word' id='word_1_12' title='bbox 1051 346 1200 380; x_wconf 89' lang='lat' dir='ltr'>unam</span> <span class='ocrx_word' id='word_1_13' title='bbox 1224 330 1428 392; x_wconf 87' lang='lat' dir='ltr'>eripuit.</span> <span class='ocrx_word' id='word_1_14' title='bbox 1444 331 1726 397; x_wconf 78' lang='lat' dir='ltr'>Neophytis</span> 
     </span>
     <span class='ocr_line' id='line_1_3' title="bbox 331 395 1724 463; baseline 0.004 -17"><span class='ocrx_word' id='word_1_15' title='bbox 331 395 746 461; x_wconf 77' lang='lat' dir='ltr'>locupletioribus</span> <span class='ocrx_word' id='word_1_16' title='bbox 782 412 868 445; x_wconf 86' lang='lat' dir='ltr'>sua</span> <span class='ocrx_word' id='word_1_17' title='bbox 904 396 1120 449; x_wconf 84' lang='lat' dir='ltr'>restituit</span> <span class='ocrx_word' id='word_1_18' title='bbox 1152 398 1381 463; x_wconf 83' lang='lat' dir='ltr'>navigia,</span> <span class='ocrx_word' id='word_1_19' title='bbox 1419 401 1724 451; x_wconf 81' lang='lat' dir='ltr'>tenuioribus</span> 
     </span>
     <span class='ocr_line' id='line_1_4' title="bbox 333 463 1725 532; baseline 0.003 -20"><span class='ocrx_word' id='word_1_20' title='bbox 333 466 544 527; x_wconf 83' lang='lat' dir='ltr'>scaphas</span> <span class='ocrx_word' id='word_1_21' title='bbox 581 463 893 514; x_wconf 84' lang='lat' dir='ltr'>condonavit</span> <span class='ocrx_word' id='word_1_22' title='bbox 930 463 1292 513; x_wconf 88' lang='lat' dir='ltr'>Saracenorum</span> <span class='ocrx_word' id='word_1_23' title='bbox 1315 499 1326 510; x_wconf 91' lang='lat'><em>.</em></span> <span class='ocrx_word' id='word_1_24' title='bbox 1363 467 1439 515; x_wconf 87' lang='lat' dir='ltr'>Ita</span> <span class='ocrx_word' id='word_1_25' title='bbox 1484 464 1725 532; x_wconf 81' lang='lat' dir='ltr'>insignem</span> 
     </span>
     <span class='ocr_line' id='line_1_5' title="bbox 334 526 1724 600; baseline 0 -21"><span class='ocrx_word' id='word_1_26' title='bbox 334 531 612 600; x_wconf 39' lang='lat' dir='ltr'>victoriam·</span> <span class='ocrx_word' id='word_1_27' title='bbox 641 528 843 596; x_wconf 72' lang='lat' dir='ltr'>egregia</span> <span class='ocrx_word' id='word_1_28' title='bbox 881 526 1186 579; x_wconf 79' lang='lat' dir='ltr'>liberalitate</span> <span class='ocrx_word' id='word_1_29' title='bbox 1223 531 1520 584; x_wconf 82' lang='lat' dir='ltr'>cumulavit:</span> <span class='ocrx_word' id='word_1_30' title='bbox 1569 546 1724 599; x_wconf 78' lang='lat' dir='ltr'>atque</span> 
     </span>
     <span class='ocr_line' id='line_1_6' title="bbox 326 593 1714 664; baseline 0.002 -18"><span class='ocrx_word' id='word_1_31' title='bbox 326 608 383 649; x_wconf 85' lang='lat' dir='ltr'>ut</span> <span class='ocrx_word' id='word_1_32' title='bbox 420 610 568 657; x_wconf 85' lang='lat' dir='ltr'>opem</span> <span class='ocrx_word' id='word_1_33' title='bbox 605 610 706 658; x_wconf 82' lang='lat' dir='ltr'>ipse</span> <span class='ocrx_word' id='word_1_34' title='bbox 745 593 964 643; x_wconf 86' lang='lat' dir='ltr'>divinam</span> <span class='ocrx_word' id='word_1_35' title='bbox 1001 607 1230 656; x_wconf 88' lang='lat' dir='ltr'>expertus</span> <span class='ocrx_word' id='word_1_36' title='bbox 1269 597 1443 646; x_wconf 87' lang='lat' dir='ltr'>eratin</span> <span class='ocrx_word' id='word_1_37' title='bbox 1466 597 1714 664; x_wconf 85' lang='lat' dir='ltr'>victoria,</span> 
     </span>
     <span class='ocr_line' id='line_1_7' title="bbox 325 660 1718 728; baseline -0.001 -15"><span class='ocrx_word' id='word_1_38' title='bbox 325 663 398 714; x_wconf 76' lang='lat' dir='ltr'>ita</span> <span class='ocrx_word' id='word_1_39' title='bbox 433 660 742 718; x_wconf 80' lang='lat' dir='ltr'>Christianos</span> <span class='ocrx_word' id='word_1_40' title='bbox 778 675 914 710; x_wconf 87' lang='lat' dir='ltr'>suam</span> <span class='ocrx_word' id='word_1_41' title='bbox 951 661 1162 722; x_wconf 85' lang='lat' dir='ltr'>experiri</span> <span class='ocrx_word' id='word_1_42' title='bbox 1214 660 1577 728; x_wconf 82' lang='lat' dir='ltr'>benignitatem</span> <span class='ocrx_word' id='word_1_43' title='bbox 1628 683 1718 716; x_wconf 79' lang='lat' dir='ltr'>vo.</span> 
     </span>
     <span class='ocr_line' id='line_1_8' title="bbox 322 724 1711 794; baseline 0.004 -18"><span class='ocrx_word' id='word_1_44' title='bbox 322 728 447 780; x_wconf 87' lang='lat' dir='ltr'>luit.</span> <span class='ocrx_word' id='word_1_45' title='bbox 485 728 722 778; x_wconf 79' lang='lat' dir='ltr'>Saraceni</span> <span class='ocrx_word' id='word_1_46' title='bbox 755 724 925 783; x_wconf 85' lang='lat' dir='ltr'>iacent</span> <span class='ocrx_word' id='word_1_47' title='bbox 975 726 1187 787; x_wconf 84' lang='lat' dir='ltr'>afflicti,</span> <span class='ocrx_word' id='word_1_48' title='bbox 1242 739 1395 793; x_wconf 85' lang='lat' dir='ltr'>atque</span> <span class='ocrx_word' id='word_1_49' title='bbox 1441 733 1711 794; x_wconf 84' lang='lat' dir='ltr'>prostrati,</span> 
     </span>
     <span class='ocr_line' id='line_1_9' title="bbox 322 793 1712 860; baseline 0.001 -14"><span class='ocrx_word' id='word_1_50' title='bbox 322 809 415 846; x_wconf 78' lang='lat' dir='ltr'>nec</span> <span class='ocrx_word' id='word_1_51' title='bbox 452 795 710 860; x_wconf 87' lang='lat' dir='ltr'>quisquam</span> <span class='ocrx_word' id='word_1_52' title='bbox 746 793 879 842; x_wconf 87' lang='lat' dir='ltr'>inter</span> <span class='ocrx_word' id='word_1_53' title='bbox 914 809 998 842; x_wconf 86' lang='lat' dir='ltr'>eos</span> <span class='ocrx_word' id='word_1_54' title='bbox 1037 808 1140 854; x_wconf 78' lang='lat' dir='ltr'>est,</span> <span class='ocrx_word' id='word_1_55' title='bbox 1178 793 1261 858; x_wconf 89' lang='lat' dir='ltr'>qui</span> <span class='ocrx_word' id='word_1_56' title='bbox 1307 793 1480 843; x_wconf 84' lang='lat' dir='ltr'>oculos</span> <span class='ocrx_word' id='word_1_57' title='bbox 1530 797 1712 849; x_wconf 87' lang='lat' dir='ltr'>tollere</span> 
     </span>
     <span class='ocr_line' id='line_1_10' title="bbox 321 859 1714 925; baseline -0.003 -13"><span class='ocrx_word' id='word_1_58' title='bbox 321 862 538 923; x_wconf 79' lang='lat' dir='ltr'>audeat,</span> <span class='ocrx_word' id='word_1_59' title='bbox 575 861 708 910; x_wconf 83' lang='lat' dir='ltr'>caesis</span> <span class='ocrx_word' id='word_1_60' title='bbox 746 859 973 909; x_wconf 86' lang='lat' dir='ltr'>omnibus</span> <span class='ocrx_word' id='word_1_61' title='bbox 1011 876 1180 911; x_wconf 87' lang='lat' dir='ltr'>eorum</span> <span class='ocrx_word' id='word_1_62' title='bbox 1203 860 1538 925; x_wconf 78' lang='lat' dir='ltr'>PrincipibuS,</span> <span class='ocrx_word' id='word_1_63' title='bbox 1564 877 1714 915; x_wconf 85' lang='lat' dir='ltr'>caete.</span> 
     </span>
     <span class='ocr_line' id='line_1_11' title="bbox 318 925 1712 993; baseline 0.004 -19"><span class='ocrx_word' id='word_1_64' title='bbox 318 928 513 993; x_wconf 67' lang='lat' dir='ltr'>risque,</span> <span class='ocrx_word' id='word_1_65' title='bbox 550 926 855 993; x_wconf 87' lang='lat' dir='ltr'>qui-aliquid</span> <span class='ocrx_word' id='word_1_66' title='bbox 906 927 1081 979; x_wconf 86' lang='lat' dir='ltr'>viribus</span> <span class='ocrx_word' id='word_1_67' title='bbox 1136 925 1324 992; x_wconf 81' lang='lat' dir='ltr'>pollere</span> <span class='ocrx_word' id='word_1_68' title='bbox 1380 927 1712 983; x_wconf 85' lang='lat' dir='ltr'>videbantur.</span> 
     </span>
     <span class='ocr_line' id='line_1_12' title="bbox 317 993 1705 1062; baseline 0 -15"><span class='ocrx_word' id='word_1_69' title='bbox 317 993 664 1062; x_wconf 76' lang='lat' dir='ltr'>Qamobrem</span> <span class='ocrx_word' id='word_1_70' title='bbox 703 993 966 1056; x_wconf 83' lang='lat' dir='ltr'>Neophyti</span> <span class='ocrx_word' id='word_1_71' title='bbox 1001 997 1263 1044; x_wconf 78' lang='lat' dir='ltr'>Praetorem</span> <span class='ocrx_word' id='word_1_72' title='bbox 1285 994 1422 1058; x_wconf 82' lang='lat' dir='ltr'>quasi</span> <span class='ocrx_word' id='word_1_73' title='bbox 1445 1008 1705 1060; x_wconf 87' lang='lat' dir='ltr'>parentem</span> 
     </span>
     <span class='ocr_line' id='line_1_13' title="bbox 315 1058 1707 1129; baseline -0.002 -20"><span class='ocrx_word' id='word_1_74' title='bbox 315 1062 564 1129; x_wconf 78' lang='lat' dir='ltr'>diligunt3</span> <span class='ocrx_word' id='word_1_75' title='bbox 601 1074 754 1125; x_wconf 84' lang='lat' dir='ltr'>atque</span> <span class='ocrx_word' id='word_1_76' title='bbox 789 1060 851 1115; x_wconf 87' lang='lat' dir='ltr'>ab</span> <span class='ocrx_word' id='word_1_77' title='bbox 886 1059 974 1110; x_wconf 93' lang='lat' dir='ltr'>illo</span> <span class='ocrx_word' id='word_1_78' title='bbox 1013 1061 1223 1109; x_wconf 86' lang='lat' dir='ltr'>vicissim</span> <span class='ocrx_word' id='word_1_79' title='bbox 1257 1058 1464 1113; x_wconf 69' lang='lat' dir='ltr'>liberum</span> <span class='ocrx_word' id='word_1_80' title='bbox 1519 1061 1707 1112; x_wconf 81' lang='lat' dir='ltr'>haben.</span> 
     </span>
     <span class='ocr_line' id='line_1_14' title="bbox 314 1126 1706 1192; baseline -0.005 -13"><span class='ocrx_word' id='word_1_81' title='bbox 314 1141 396 1179; x_wconf 87' lang='lat' dir='ltr'>tur</span> <span class='ocrx_word' id='word_1_82' title='bbox 429 1127 580 1181; x_wconf 75' lang='lat' dir='ltr'>loco.</span> <span class='ocrx_word' id='word_1_83' title='bbox 619 1129 736 1180; x_wconf 88' lang='lat' dir='ltr'>Dici</span> <span class='ocrx_word' id='word_1_84' title='bbox 774 1127 855 1177; x_wconf 87' lang='lat' dir='ltr'>vix</span> <span class='ocrx_word' id='word_1_85' title='bbox 893 1140 1093 1192; x_wconf 88' lang='lat' dir='ltr'>potest,</span> <span class='ocrx_word' id='word_1_86' title='bbox 1130 1141 1445 1192; x_wconf 87' lang='lat' dir='ltr'>quantopere</span> <span class='ocrx_word' id='word_1_87' title='bbox 1495 1126 1578 1177; x_wconf 86' lang='lat' dir='ltr'>ille</span> <span class='ocrx_word' id='word_1_88' title='bbox 1615 1145 1706 1178; x_wconf 85' lang='lat' dir='ltr'>no.</span> 
     </span>
     <span class='ocr_line' id='line_1_15' title="bbox 311 1193 1710 1248; baseline 0.001 -5"><span class='ocrx_word' id='word_1_89' title='bbox 311 1193 498 1247; x_wconf 86' lang='lat' dir='ltr'>vellam</span> <span class='ocrx_word' id='word_1_90' title='bbox 535 1193 662 1246; x_wconf 87' lang='lat' dir='ltr'>hanc</span> <span class='ocrx_word' id='word_1_91' title='bbox 701 1193 884 1246; x_wconf 82' lang='lat' dir='ltr'>Christi</span> <span class='ocrx_word' id='word_1_92' title='bbox 929 1194 1127 1244; x_wconf 88' lang='lat' dir='ltr'>vineam</span> <span class='ocrx_word' id='word_1_93' title='bbox 1164 1193 1710 1248; x_wconf 81' lang='lat' dir='ltr'>mihi-commendarit.</span> 
     </span>
     <span class='ocr_line' id='line_1_16' title="bbox 314 1259 1705 1326; baseline -0.003 -12"><span class='ocrx_word' id='word_1_94' title='bbox 314 1262 465 1315; x_wconf 83' lang='lat' dir='ltr'>Nunc</span> <span class='ocrx_word' id='word_1_95' title='bbox 503 1260 790 1322; x_wconf 83' lang='lat' dir='ltr'>praeclarum</span> <span class='ocrx_word' id='word_1_96' title='bbox 829 1259 1065 1326; x_wconf 85' lang='lat' dir='ltr'>quiddam</span> <span class='ocrx_word' id='word_1_97' title='bbox 1101 1260 1338 1322; x_wconf 81' lang='lat' dir='ltr'>molitur,</span> <span class='ocrx_word' id='word_1_98' title='bbox 1390 1262 1449 1316; x_wconf 87' lang='lat'>&amp;</span> <span class='ocrx_word' id='word_1_99' title='bbox 1501 1260 1563 1308; x_wconf 88' lang='lat' dir='ltr'>ab</span> <span class='ocrx_word' id='word_1_100' title='bbox 1614 1278 1705 1325; x_wconf 92' lang='lat' dir='ltr'>po-</span> 
     </span>
     <span class='ocr_line' id='line_1_17' title="bbox 307 1325 1701 1394; baseline -0.003 -13"><span class='ocrx_word' id='word_1_101' title='bbox 307 1327 549 1381; x_wconf 75' lang='lat' dir='ltr'>steritatis</span> <span class='ocrx_word' id='word_1_102' title='bbox 585 1329 909 1386; x_wconf 82' lang='lat' dir='ltr'>memoriam,</span> <span class='ocrx_word' id='word_1_103' title='bbox 948 1329 1005 1384; x_wconf 88' lang='lat'>&amp;</span> <span class='ocrx_word' id='word_1_104' title='bbox 1039 1327 1102 1377; x_wconf 89' lang='lat' dir='ltr'>ad</span> <span class='ocrx_word' id='word_1_105' title='bbox 1135 1327 1430 1377; x_wconf 85' lang='lat' dir='ltr'>Christianae</span> <span class='ocrx_word' id='word_1_106' title='bbox 1448 1325 1701 1394; x_wconf 84' lang='lat' dir='ltr'>religionis</span> 
     </span>
     <span class='ocr_line' id='line_1_18' title="bbox 306 1394 1700 1454; baseline -0.002 -8"><span class='ocrx_word' id='word_1_107' title='bbox 306 1394 706 1447; x_wconf 80' lang='lat' dir='ltr'>emolumentum</span> <span class='ocrx_word' id='word_1_108' title='bbox 728 1432 739 1448; x_wconf 82' lang='lat'><strong>.</strong></span> <span class='ocrx_word' id='word_1_109' title='bbox 777 1397 944 1444; x_wconf 84' lang='lat' dir='ltr'>Hosce</span> <span class='ocrx_word' id='word_1_110' title='bbox 981 1409 1152 1444; x_wconf 89' lang='lat' dir='ltr'>omnes</span> <span class='ocrx_word' id='word_1_111' title='bbox 1174 1395 1485 1443; x_wconf 84' lang='lat' dir='ltr'>Christianos</span> <span class='ocrx_word' id='word_1_112' title='bbox 1507 1427 1520 1454; x_wconf 85' lang='lat'>‚</span> <span class='ocrx_word' id='word_1_113' title='bbox 1558 1394 1700 1443; x_wconf 91' lang='lat' dir='ltr'>loco-</span> 
     </span>
     <span class='ocr_line' id='line_1_19' title="bbox 302 1458 1702 1520; baseline -0.006 -8"><span class='ocrx_word' id='word_1_114' title='bbox 302 1476 409 1513; x_wconf 78' lang='lat' dir='ltr'>rum</span> <span class='ocrx_word' id='word_1_115' title='bbox 446 1459 722 1513; x_wconf 84' lang='lat' dir='ltr'>intervallis</span> <span class='ocrx_word' id='word_1_116' title='bbox 761 1459 1188 1520; x_wconf 82' lang='lat' dir='ltr'>disjunctissimos,</span> <span class='ocrx_word' id='word_1_117' title='bbox 1227 1472 1414 1512; x_wconf 87' lang='lat' dir='ltr'>certam</span> <span class='ocrx_word' id='word_1_118' title='bbox 1471 1458 1520 1506; x_wconf 93' lang='lat' dir='ltr'>in</span> <span class='ocrx_word' id='word_1_119' title='bbox 1575 1459 1702 1509; x_wconf 90' lang='lat' dir='ltr'>insu..</span> 
     </span>
     <span class='ocr_line' id='line_1_20' title="bbox 303 1524 1700 1593; baseline 0 -18"><span class='ocrx_word' id='word_1_120' title='bbox 303 1525 403 1579; x_wconf 84' lang='lat' dir='ltr'>lam</span> <span class='ocrx_word' id='word_1_121' title='bbox 438 1528 767 1581; x_wconf 83' lang='lat' dir='ltr'>transcribere</span> <span class='ocrx_word' id='word_1_122' title='bbox 804 1528 1035 1591; x_wconf 80' lang='lat' dir='ltr'>cogitat,</span> <span class='ocrx_word' id='word_1_123' title='bbox 1083 1525 1254 1590; x_wconf 85' lang='lat' dir='ltr'>eisque</span> <span class='ocrx_word' id='word_1_124' title='bbox 1307 1529 1501 1593; x_wconf 84' lang='lat' dir='ltr'>Regem</span> <span class='ocrx_word' id='word_1_125' title='bbox 1550 1524 1700 1587; x_wconf 85' lang='lat' dir='ltr'>dare,</span> 
     </span>
     <span class='ocr_line' id='line_1_21' title="bbox 307 1591 1698 1658; baseline 0.001 -16"><span class='ocrx_word' id='word_1_126' title='bbox 307 1594 387 1658; x_wconf 86' lang='lat' dir='ltr'>qui</span> <span class='ocrx_word' id='word_1_127' title='bbox 443 1591 513 1653; x_wconf 84' lang='lat' dir='ltr'>ius</span> <span class='ocrx_word' id='word_1_128' title='bbox 565 1596 734 1654; x_wconf 84' lang='lat' dir='ltr'>dicat,</span> <span class='ocrx_word' id='word_1_129' title='bbox 786 1598 1059 1658; x_wconf 80' lang='lat' dir='ltr'>eorumque</span> <span class='ocrx_word' id='word_1_130' title='bbox 1098 1594 1392 1642; x_wconf 88' lang='lat' dir='ltr'>commodis</span> <span class='ocrx_word' id='word_1_131' title='bbox 1448 1593 1506 1645; x_wconf 71' lang='lat'>81</span> <span class='ocrx_word' id='word_1_132' title='bbox 1550 1591 1698 1643; x_wconf 87' lang='lat' dir='ltr'>saluti</span> 
     </span>
     <span class='ocr_line' id='line_1_22' title="bbox 301 1658 1700 1723; baseline -0.005 -13"><span class='ocrx_word' id='word_1_133' title='bbox 301 1659 563 1712; x_wconf 85' lang='lat' dir='ltr'>consulat.</span> <span class='ocrx_word' id='word_1_134' title='bbox 603 1662 652 1710; x_wconf 88' lang='lat' dir='ltr'>Si</span> <span class='ocrx_word' id='word_1_135' title='bbox 686 1658 917 1710; x_wconf 85' lang='lat' dir='ltr'>Pontifex</span> <span class='ocrx_word' id='word_1_136' title='bbox 959 1659 1206 1710; x_wconf 78' lang='lat' dir='ltr'>Maximus</span> <span class='ocrx_word' id='word_1_137' title='bbox 1263 1659 1578 1723; x_wconf 88' lang='lat' dir='ltr'>exploratum</span> <span class='ocrx_word' id='word_1_138' title='bbox 1615 1659 1700 1708; x_wconf 85' lang='lat' dir='ltr'>ha.</span> 
     </span>
     <span class='ocr_line' id='line_1_23' title="bbox 304 1720 1695 1794; baseline -0.001 -18"><span class='ocrx_word' id='word_1_139' title='bbox 304 1726 477 1787; x_wconf 79' lang='lat' dir='ltr'>beret,</span> <span class='ocrx_word' id='word_1_140' title='bbox 516 1730 663 1792; x_wconf 72' lang='lat' dir='ltr'>quam</span> <span class='ocrx_word' id='word_1_141' title='bbox 701 1726 992 1794; x_wconf 84' lang='lat' dir='ltr'>diligentem</span> <span class='ocrx_word' id='word_1_142' title='bbox 1047 1727 1195 1777; x_wconf 81' lang='lat' dir='ltr'>Indiae</span> <span class='ocrx_word' id='word_1_143' title='bbox 1250 1728 1437 1776; x_wconf 84' lang='lat' dir='ltr'>Praetor</span> <span class='ocrx_word' id='word_1_144' title='bbox 1488 1720 1695 1790; x_wconf 79' lang='lat' dir='ltr'>operam</span> 
     </span>
     <span class='ocr_line' id='line_1_24' title="bbox 301 1792 1693 1860; baseline 0 -19"><span class='ocrx_word' id='word_1_145' title='bbox 301 1804 457 1846; x_wconf 81' lang='lat' dir='ltr'>navet</span> <span class='ocrx_word' id='word_1_146' title='bbox 495 1793 752 1860; x_wconf 82' lang='lat' dir='ltr'>religioni,</span> <span class='ocrx_word' id='word_1_147' title='bbox 796 1792 1030 1856; x_wconf 81' lang='lat' dir='ltr'>profecto</span> <span class='ocrx_word' id='word_1_148' title='bbox 1067 1793 1202 1842; x_wconf 90' lang='lat' dir='ltr'>illum</span> <span class='ocrx_word' id='word_1_149' title='bbox 1241 1809 1331 1856; x_wconf 90' lang='lat' dir='ltr'>pro</span> <span class='ocrx_word' id='word_1_150' title='bbox 1355 1793 1576 1859; x_wconf 52' lang='lat' dir='ltr'>&lt;egregiis</span> <span class='ocrx_word' id='word_1_151' title='bbox 1598 1792 1693 1841; x_wconf 87' lang='lat' dir='ltr'>suis</span> 
     </span>
     <span class='ocr_line' id='line_1_25' title="bbox 296 1856 1694 1924; baseline -0.001 -15"><span class='ocrx_word' id='word_1_152' title='bbox 296 1858 347 1909; x_wconf 83' lang='lat' dir='ltr'>in</span> <span class='ocrx_word' id='word_1_153' title='bbox 385 1875 486 1909; x_wconf 88' lang='lat' dir='ltr'>rem</span> <span class='ocrx_word' id='word_1_154' title='bbox 523 1860 854 1909; x_wconf 79' lang='lat' dir='ltr'>Christianam</span> <span class='ocrx_word' id='word_1_155' title='bbox 890 1859 1063 1917; x_wconf 79' lang='lat' dir='ltr'>studiis</span> <span class='ocrx_word' id='word_1_156' title='bbox 1099 1872 1251 1924; x_wconf 86' lang='lat' dir='ltr'>atque</span> <span class='ocrx_word' id='word_1_157' title='bbox 1289 1858 1468 1910; x_wconf 85' lang='lat' dir='ltr'>officiis</span> <span class='ocrx_word' id='word_1_158' title='bbox 1505 1856 1694 1909; x_wconf 89' lang='lat' dir='ltr'>collau-</span> 
     </span>
     <span class='ocr_line' id='line_1_26' title="bbox 302 1924 1691 1988; baseline -0.004 -12"><span class='ocrx_word' id='word_1_159' title='bbox 302 1925 476 1976; x_wconf 78' lang='lat' dir='ltr'>daret.</span> <span class='ocrx_word' id='word_1_160' title='bbox 537 1927 749 1976; x_wconf 85' lang='lat' dir='ltr'>Proinde</span> <span class='ocrx_word' id='word_1_161' title='bbox 803 1924 1017 1988; x_wconf 83' lang='lat' dir='ltr'>efficies,</span> <span class='ocrx_word' id='word_1_162' title='bbox 1053 1927 1090 1976; x_wconf 86' lang='lat' dir='ltr'>si</span> <span class='ocrx_word' id='word_1_163' title='bbox 1128 1925 1407 1987; x_wconf 87' lang='lat' dir='ltr'>videbitur,</span> <span class='ocrx_word' id='word_1_164' title='bbox 1445 1936 1501 1974; x_wconf 86' lang='lat' dir='ltr'>ut</span> <span class='ocrx_word' id='word_1_165' title='bbox 1535 1924 1691 1973; x_wconf 86' lang='lat' dir='ltr'>literis</span> 
     </span>
    </p>

    <p class='ocr_par' dir='ltr' id='par_1_3' title="bbox 299 1989 1687 2058">
     <span class='ocr_line' id='line_1_27' title="bbox 299 1989 1687 2058; baseline -0.006 -15"><span class='ocrx_word' id='word_1_166' title='bbox 299 1991 364 2043; x_wconf 75' lang='lat' dir='ltr'>ad</span> <span class='ocrx_word' id='word_1_167' title='bbox 401 2007 512 2043; x_wconf 84' lang='lat' dir='ltr'>eum</span> <span class='ocrx_word' id='word_1_168' title='bbox 550 1993 700 2043; x_wconf 70' lang='lat' dir='ltr'>missis</span> <span class='ocrx_word' id='word_1_169' title='bbox 739 1993 986 2054; x_wconf 84' lang='lat' dir='ltr'>declaret,</span> <span class='ocrx_word' id='word_1_170' title='bbox 1023 1993 1171 2058; x_wconf 81' lang='lat' dir='ltr'>ipsius</span> <span class='ocrx_word' id='word_1_171' title='bbox 1189 1991 1356 2043; x_wconf 85' lang='lat' dir='ltr'>officia</span> <span class='ocrx_word' id='word_1_172' title='bbox 1393 1991 1480 2041; x_wconf 90' lang='lat' dir='ltr'>sibi</span> <span class='ocrx_word' id='word_1_173' title='bbox 1513 1989 1687 2058; x_wconf 78' lang='lat' dir='ltr'>gratis.</span> 
     </span>
    </p>

    <p class='ocr_par' dir='ltr' id='par_1_4' title="bbox 291 2056 1686 2196">
     <span class='ocr_line' id='line_1_28' title="bbox 295 2056 1686 2124; baseline -0.004 -14"><span class='ocrx_word' id='word_1_174' title='bbox 295 2058 418 2110; x_wconf 81' lang='lat' dir='ltr'>sima</span> <span class='ocrx_word' id='word_1_175' title='bbox 455 2059 724 2110; x_wconf 79' lang='lat' dir='ltr'>accidisse.</span> <span class='ocrx_word' id='word_1_176' title='bbox 765 2061 875 2108; x_wconf 88' lang='lat' dir='ltr'>Nec</span> <span class='ocrx_word' id='word_1_177' title='bbox 915 2064 1033 2109; x_wconf 80' lang='lat' dir='ltr'>vero</span> <span class='ocrx_word' id='word_1_178' title='bbox 1070 2073 1178 2121; x_wconf 86' lang='lat' dir='ltr'>est,</span> <span class='ocrx_word' id='word_1_179' title='bbox 1232 2058 1364 2124; x_wconf 92' lang='lat' dir='ltr'>quod</span> <span class='ocrx_word' id='word_1_180' title='bbox 1418 2056 1488 2105; x_wconf 91' lang='lat' dir='ltr'>illi</span> <span class='ocrx_word' id='word_1_181' title='bbox 1544 2057 1686 2105; x_wconf 84' lang='lat' dir='ltr'>Neo-</span> 
     </span>
     <span class='ocr_line' id='line_1_29' title="bbox 291 2125 1684 2196; baseline -0.003 -22"><span class='ocrx_word' id='word_1_182' title='bbox 291 2126 476 2192; x_wconf 83' lang='lat' dir='ltr'>phytos</span> <span class='ocrx_word' id='word_1_183' title='bbox 512 2128 836 2177; x_wconf 83' lang='lat' dir='ltr'>commendet</span> <span class='ocrx_word' id='word_1_184' title='bbox 875 2125 1036 2190; x_wconf 83' lang='lat' dir='ltr'>(nihil</span> <span class='ocrx_word' id='word_1_185' title='bbox 1073 2127 1204 2176; x_wconf 88' lang='lat' dir='ltr'>enim</span> <span class='ocrx_word' id='word_1_186' title='bbox 1243 2126 1471 2190; x_wconf 88' lang='lat' dir='ltr'>cuiquam</span> <span class='ocrx_word' id='word_1_187' title='bbox 1529 2125 1684 2196; x_wconf 76' lang='lat' dir='ltr'>magis</span> 
     </span>
    </p>

    <p class='ocr_par' dir='ltr' id='par_1_5' title="bbox 298 2189 1685 2258">
     <span class='ocr_line' id='line_1_30' title="bbox 298 2189 1685 2258; baseline -0.004 -14"><span class='ocrx_word' id='word_1_188' title='bbox 298 2203 375 2244; x_wconf 79' lang='lat' dir='ltr'>cst</span> <span class='ocrx_word' id='word_1_189' title='bbox 410 2191 588 2258; x_wconf 81' lang='lat' dir='ltr'>cordi)</span> <span class='ocrx_word' id='word_1_190' title='bbox 642 2193 727 2242; x_wconf 87' lang='lat' dir='ltr'>sed</span> <span class='ocrx_word' id='word_1_191' title='bbox 765 2193 957 2257; x_wconf 79' lang='lat' dir='ltr'>potius,</span> <span class='ocrx_word' id='word_1_192' title='bbox 995 2206 1052 2242; x_wconf 86' lang='lat' dir='ltr'>ut</span> <span class='ocrx_word' id='word_1_193' title='bbox 1088 2192 1456 2258; x_wconf 74' lang='lat' dir='ltr'>religiosissimo</span> <span class='ocrx_word' id='word_1_194' title='bbox 1492 2189 1685 2239; x_wconf 83' lang='lat' dir='ltr'>Praesidi</span> 
     </span>
    </p>

    <p class='ocr_par' dir='ltr' id='par_1_6' title="bbox 288 2255 1682 2461">
     <span class='ocr_line' id='line_1_31' title="bbox 295 2255 1682 2325; baseline -0.004 -15"><span class='ocrx_word' id='word_1_195' title='bbox 295 2273 386 2325; x_wconf 74' lang='lat' dir='ltr'>pro</span> <span class='ocrx_word' id='word_1_196' title='bbox 423 2274 513 2309; x_wconf 72' lang='lat' dir='ltr'>suo</span> <span class='ocrx_word' id='word_1_197' title='bbox 551 2259 732 2310; x_wconf 86' lang='lat' dir='ltr'>merito</span> <span class='ocrx_word' id='word_1_198' title='bbox 770 2261 966 2309; x_wconf 86' lang='lat' dir='ltr'>laudem</span> <span class='ocrx_word' id='word_1_199' title='bbox 988 2259 1176 2310; x_wconf 83' lang='lat' dir='ltr'>tribuat</span> <span class='ocrx_word' id='word_1_200' title='bbox 1197 2257 1482 2324; x_wconf 84' lang='lat' dir='ltr'>&amp;gratiam</span> <span class='ocrx_word' id='word_1_201' title='bbox 1507 2275 1522 2305; x_wconf 89' lang='lat'>.·</span> <span class='ocrx_word' id='word_1_202' title='bbox 1544 2255 1682 2321; x_wconf 87' lang='lat' dir='ltr'>quip-</span> 
     </span>
     <span class='ocr_line' id='line_1_32' title="bbox 290 2322 1676 2390; baseline -0.001 -18"><span class='ocrx_word' id='word_1_203' title='bbox 290 2340 352 2390; x_wconf 84' lang='lat' dir='ltr'>pe</span> <span class='ocrx_word' id='word_1_204' title='bbox 388 2325 498 2375; x_wconf 77' lang='lat' dir='ltr'>cum</span> <span class='ocrx_word' id='word_1_205' title='bbox 536 2337 803 2387; x_wconf 78' lang='lat' dir='ltr'>tantopere</span> <span class='ocrx_word' id='word_1_206' title='bbox 839 2326 1134 2378; x_wconf 73' lang='lat' dir='ltr'>Christiana·</span> <span class='ocrx_word' id='word_1_207' title='bbox 1171 2326 1238 2374; x_wconf 85' lang='lat' dir='ltr'>rei</span> <span class='ocrx_word' id='word_1_208' title='bbox 1274 2322 1536 2382; x_wconf 84' lang='lat' dir='ltr'>consulat,</span> <span class='ocrx_word' id='word_1_209' title='bbox 1573 2335 1676 2371; x_wconf 88' lang='lat' dir='ltr'>tam</span> 
     </span>
     <span class='ocr_line' id='line_1_33' title="bbox 288 2388 1676 2461; baseline -0.004 -18"><span class='ocrx_word' id='word_1_210' title='bbox 288 2388 482 2445; x_wconf 66' lang='lat' dir='ltr'>mlicite</span> <span class='ocrx_word' id='word_1_211' title='bbox 519 2408 609 2458; x_wconf 73' lang='lat' dir='ltr'>pro</span> <span class='ocrx_word' id='word_1_212' title='bbox 647 2392 832 2449; x_wconf 80' lang='lat' dir='ltr'>Christi</span> <span class='ocrx_word' id='word_1_213' title='bbox 869 2393 1085 2445; x_wconf 78' lang='lat' dir='ltr'>excubet</span> <span class='ocrx_word' id='word_1_214' title='bbox 1119 2404 1296 2458; x_wconf 79' lang='lat' dir='ltr'>grege,</span> <span class='ocrx_word' id='word_1_215' title='bbox 1353 2405 1413 2439; x_wconf 88' lang='lat' dir='ltr'>ne</span> <span class='ocrx_word' id='word_1_216' title='bbox 1459 2389 1579 2461; x_wconf 37' lang='lat' dir='ltr'>quid·</span> <span class='ocrx_word' id='word_1_217' title='bbox 1612 2389 1676 2438; x_wconf 87' lang='lat' dir='ltr'>ab</span> 
     </span>
    </p>

    <p class='ocr_par' dir='ltr' id='par_1_7' title="bbox 1436 2459 1608 2508">
     <span class='ocr_line' id='line_1_34' title="bbox 1436 2459 1608 2508; baseline -0.029 0"><span class='ocrx_word' id='word_1_218' title='bbox 1436 2459 1608 2508; x_wconf 81' lang='lat' dir='ltr'>Ethni-</span> 
     </span>
    </p>
   </div>
  </div>
 </body>
</html>
