1781 2889
413 210 475 262 52
596 227 598 229 >
644 194 694 243 S.
724 192 1103 244 FRANCISCI
1135 192 1435 245 XAVERII

342 288 676 352 cessavimus,
710 292 898 341 Praetor
931 292 1210 357 cohorsque
1248 289 1513 350 Praetoria,
1551 289 1611 342 δε
1656 288 1743 336 mi-

343 356 459 407 lites
493 356 706 407 universi
741 373 970 425 magnam
1005 373 1120 426 erga
1159 375 1246 407 nos
1284 375 1380 422 prae
1415 373 1466 407 se
1516 353 1743 423 ferebant

346 423 807 474 benevolentiam-z
863 427 1052 489 nosque
1104 427 1249 476 DEO
1304 426 1433 474 bene
1485 421 1743 489 juvante,

343 491 524 557 magna
577 489 796 538 omnium
833 489 1098 539 voluntate
1146 492 1202 543 &
1254 490 1602 541 emolumento
1638 504 1746 555 spa-

347 558 473 607 tium
509 555 631 604 illud
665 568 900 604 semestre
938 555 1277 604 traduximus.

412 641 460 689 4.
500 622 656 671 Abest
712 621 1060 671 Mozambicus
1095 623 1158 670 ab
1197 622 1335 671 India
1386 622 1556 673 leucas
1604 619 1747 670 circi·

343 701 422 739 ter
459 700 771 755 nongentas,
825 688 939 737 hinc
984 690 1170 738 Praetor
1204 688 1253 736 in
1291 689 1482 738 Indiam
1536 702 1744 756 pergere

336 756 664 804 maturabat.
690 753 787 804 Sed
825 767 969 804 erant
1003 768 1210 819 propter
1245 755 1362 803 anni
1397 769 1591 819 tempus
1630 752 1744 820 aegri

345 820 669 884 complures:
725 821 934 885 proinde
983 837 1072 870 nos
1122 821 1358 887 rogavit,
1413 835 1468 871 ut
1526 826 1748 871 nostrum

345 888 546 953 aliquot
572 888 618 935 in
658 887 814 937 insula
845 902 1192 949 remanerent,
1220 888 1301 954 qui
1337 887 1537 956 aegrotis
1562 887 1748 937 ibidem

342 955 553 1015 relictis,
593 955 725 1018 quod
763 954 812 1001 in
849 955 1111 1019 praesentia
1147 970 1234 1020 per
1266 954 1608 1004 valetudinem
1646 956 1767 1004 non*

341 1035 547 1084 possent
591 1021 686 1069 iter
739 1022 992 1088 persequi,
1047 1020 1402 1071 subvenirent¹.
1451 1023 1630 1087 Itaque
1683 1036 1745 1070 ex

341 1088 568 1138 Praetoris
632 1088 881 1137 sententia
948 1087 1123 1138 Paulus
1190 1088 1247 1140 &
1313 1086 1551 1138 Mansilla
1615 1087 1746 1152 apud

346 1171 503 1221 aegros
557 1169 883 1216 manserunt,
938 1172 1033 1222 ego
1088 1159 1352 1205 Praetorem
1403 1155 1568 1221 ipsum⁴
1617 1153 1748 1203 haud

346 1223 465 1270 sane
501 1220 757 1270 valentem
795 1234 991 1271 secutus
1027 1238 1166 1283 sum;
1220 1237 1276 1270 ut
1311 1222 1347 1269 si
1404 1219 1534 1271 forte
1585 1219 1749 1288 ingra-

345 1299 584 1336 vescente
622 1288 799 1338 morbo
834 1288 1031 1354 gravius
1068 1287 1256 1352 aliquid
1310 1287 1590 1347 incidisset,
1645 1285 1750 1346 ejus

341 1351 716 1403 confessionem
775 1354 998 1403 audirem
1036 1390 1048 1402 .
1097 1354 1356 1421 roirca
1409 1351 1505 1411 iam
1561 1353 1745 1402 dudum

347 1420 516 1483 appuli
554 1435 666 1469 cum
703 1419 790 1468 illo
829 1420 876 1468 in
904 1420 1123 1470 Indiam.
1152 1419 1326 1468 Socios
1363 1436 1405 1468 ci
1428 1436 1473 1468 m
1508 1419 1746 1480 navibus,

344 1502 454 1550 quae
489 1487 768 1551 Septembri
800 1503 967 1537 mense
997 1487 1328 1537 Mozambico
1360 1500 1583 1536 venturae
1607 1498 1746 1548 sunt,

341 1551 393 1600 in
432 1552 534 1601 dies
571 1567 816 1617 expecto.

414 1634 457 1685 5.
495 1621 714 1690 Qintus
750 1619 845 1679 jam
901 1619 1078 1669 mensis
1131 1617 1323 1685 agitur,
1379 1620 1490 1672 cum
1543 1619 1741 1679 Goam,

342 1686 495 1737 Indice
532 1699 714 1750 caput,
753 1684 1103 1751 applicuimus.
1138 1689 1251 1738 Goa
1288 1685 1400 1734 urbs
1437 1698 1511 1735 est
1544 1684 1746 1749 praecla-

343 1770 402 1802 ra
439 1753 499 1801 ad
539 1766 824 1816 aspectum,
860 1752 1039 1801 civitas
1075 1765 1189 1803 tota
1225 1752 1650 1816 Christianorum.
1686 1753 1742 1802 In

342 1835 402 1867 ea
441 1820 882 1869 Franciscanorum
909 1819 1195 1868 coenobium
1225 1833 1298 1869 est
1333 1821 1448 1871 sane
1476 1817 1740 1884 frequens;

343 1887 498 1935 Sedes
548 1886 865 1937 Cathedralis
919 1885 1217 1954 magnifica,
1265 1886 1323 1938 &
1367 1884 1740 1936 Canonicorum

342 1949 626 2017 frequentia
679 1953 906 2020 insignis;
963 1969 1114 2002 sacrae
1167 1955 1407 2019 praeterea
1462 1951 1586 2001 aedes
1633 1965 1737 2000 non

341 2035 541 2082 paucae.
579 2022 688 2079 Est,
727 2037 814 2068 cur
851 2021 1000 2070 DEO
1048 2020 1383 2087 gratulemur,
1419 2015 1601 2070 Christi
1651 2033 1739 2066 no-

344 2101 459 2134 men
514 2085 563 2134 in
618 2100 750 2136 terra
802 2087 933 2137 adeo
987 2086 1265 2155 longinqua
1317 2084 1446 2136 inter
1494 2082 1738 2134 Ethnicos

341 2156 610 2211 tantopere
647 2155 854 2202 florere.

410 2222 460 2270 6.
498 2221 537 2269 E
578 2221 907 2269 Mozambico
959 2217 1173 2284 profecti
1223 2232 1412 2268 menses
1464 2215 1511 2263 in
1559 2212 1739 2266 itinere

343 2287 734 2349 consumpsimus
784 2288 907 2335 duos
962 2290 1124 2350 eoque
1173 2284 1410 2348 amplius,
1473 2282 1737 2343 Melindae,

344 2371 454 2421 quae
491 2353 603 2403 urbs
638 2366 712 2406 est
748 2352 996 2404 maritima
1034 2355 1396 2408 Saracenorum
1433 2349 1737 2411 amicorum,

1553 2432 1673 2482 pau-
