1781 2889
398 251 493 302 144
627 235 676 283 S.
711 235 794 284 FR
803 234 1080 284 ANCISCI
1116 233 1431 283 XAVERII

331 329 571 404 expediat
619 330 736 379 mihi
792 343 968 378 notum
1004 345 1134 404 esse,
1187 335 1289 396 quo
1337 327 1522 379 mederi
1574 329 1709 383 malo

330 413 547 466 possim,
600 395 670 443 ita
707 411 805 444 non
853 395 1100 445 committi
1147 396 1326 446 debere
1363 395 1543 469 literis,
1598 412 1705 462 quae

328 481 445 514 casu
483 464 699 534 quoiam
736 462 1023 523 interceptae
1073 478 1278 512 exosum
1316 475 1366 512 te
1406 462 1457 510 iis
1512 463 1708 527 quibus-

329 547 443 580 cum
499 543 701 575 versaris
754 527 1017 576 facerent.
1063 529 1222 577 Probo
1275 529 1597 591 cautionem,
1651 530 1709 584 &

326 593 676 652 nihilominuS,
715 595 828 657 quia
865 609 955 641 nec
1009 595 1140 643 inter
1190 611 1276 642 nos
1323 595 1512 644 visendi
1550 593 1708 644 facul·-
1751 652 1756 656 ,

332 678 409 713 tas
449 677 579 708 nunc
628 661 826 726 quidem
861 672 968 719 est3
1025 675 1116 708 nec
1162 676 1330 709 carere
1367 677 1562 724 possum
1614 664 1710 712 hoc

329 743 491 781 rerum
514 726 724 776 articulo
762 742 1013 785 mearum,
1051 726 1233 777 notitia
1269 727 1567 789 istiusmodi,
1607 729 1709 791 pla-

331 800 391 846 ne
430 792 548 843 volo
585 793 646 841 de
685 794 787 842 istis
824 808 1147 858 quaecumque
1185 807 1296 845 sunt
1318 809 1403 855 per
1437 806 1488 843 te
1525 795 1712 847 certior

332 860 475 921 fieri,
511 858 701 922 scribtis
739 859 903 908 aliena
941 874 1120 918 manu,
1158 875 1250 908 nec
1288 860 1409 919 tibi,
1462 859 1498 907 si
1533 861 1708 924 depre-

327 928 636 986 bendantur,
690 926 792 974 uilo
830 924 1157 990 Chirographi
1209 938 1295 975 aut
1331 925 1539 974 nominis
1586 927 1711 977 indi-

332 996 415 1045 cio
453 992 822 1057 inmutabilibus
859 994 1072 1053 chartis3
1111 1008 1226 1056 quas
1265 994 1387 1057 ipsas
1424 1008 1510 1056 per
1545 993 1710 1042 fidissi-

332 1077 464 1111 mum
503 1060 563 1108 ad
612 1075 689 1108 me
741 1058 1077 1109 Tabellarium
1115 1059 1451 1108 transmittes:
1504 1058 1586 1107 ubi
1641 1059 1711 1109 sic

332 1127 498 1176 omnia
553 1141 870 1193 cognovero,
926 1138 1141 1174 statuam
1195 1126 1369 1188 ecquid
1435 1127 1711 1176 conveniat

323 1196 396 1245 ire
434 1210 512 1242 me
549 1193 612 1240 ad
648 1191 1137 1265 Iniquitribirimum‚
1176 1192 1233 1243 &
1269 1191 1549 1241 Cocinum.
1597 1196 1710 1258 Jarn

325 1276 458 1312 nunc
496 1261 644 1322 porro
679 1272 841 1306 certus
877 1275 1005 1317 sum,
1044 1274 1083 1306 si
1120 1257 1310 1306 facinus
1347 1275 1448 1323 quo
1485 1271 1559 1308 est
1596 1265 1711 1313 Rex

272 1327 575 1402 qoffensus
614 1326 670 1376 ὅζ
707 1322 1053 1383 manifestum,
1092 1326 1148 1376 δε
1185 1337 1287 1373 tam
1324 1338 1466 1388 turpe
1503 1338 1709 1392 tamque

327 1375 666 1442 inexcusabile
704 1391 764 1439 sit
818 1407 962 1456 quam
1011 1390 1164 1456 vulgo
1200 1390 1409 1451 dicitur,
1465 1407 1544 1440 me
1592 1395 1709 1444 illuc

325 1459 614 1524 neutiquam
669 1456 874 1506 iturum.
941 1457 1186 1506 Dominus
1243 1458 1432 1507 Noster
1482 1474 1570 1510 suo
1620 1477 1721 1516 nos,

325 1540 522 1574 semier
573 1522 760 1572 auxilio
797 1525 854 1576 ὃ(
903 1522 1075 1572 favore
1113 1523 1371 1589 dignetur.
1428 1526 1708 1592 Manapare
1773 1576 1781 1589 Α

328 1590 568 1646 Postridie
606 1589 714 1638 Ka'.
752 1588 1052 1651 Septembris
1090 1592 1237 1637 Anno
1281 1591 1581 1642 MDXLIV.

458 1658 588 1708 Tuus
624 1657 674 1704 in
710 1656 909 1707 Christo
946 1656 1305 1707 amantissimus
1341 1658 1512 1707 Frater

1331 1727 1606 1776 Frcznciscus
1624 1761 1639 1778 .

547 1857 1107 1908 EPISTOLA
1179 1857 1496 1908 XXXIV.

918 1957 1119 2006 Eidem.

332 2063 524 2123 Restm,
563 2071 613 2106 ut
650 2055 902 2123 Praefecto,
939 2059 1223 2108 adversario
1257 2076 1375 2121 suo,
1431 2075 1579 2107 omnes
1611 2071 1713 2122 pro-

390 2144 496 2194 pere
532 2140 835 2174 succurrant-

330 2276 374 2314 ι.
411 2262 544 2373 Co.
536 2255 738 2306 rissime
773 2256 821 2304 in
875 2256 1074 2306 Christo
1113 2258 1306 2306 Frater.
1361 2254 1709 2306 Tristissimurn

555 2325 749 2387 accipio
789 2324 1016 2371 nuntium
1056 2324 1115 2371 de
1155 2321 1437 2382 Pr3aefecto
1477 2336 1707 2374 exustam

328 2395 414 2448 iusi
455 2407 663 2452 navem,
702 2388 939 2457 quidquid
974 2389 1148 2438 aedium
1184 2389 1232 2438 in
1270 2387 1378 2437 solo
1415 2388 1589 2438 habuit
1624 2404 1710 2452 pa·

1524 2454 1646 2507 riter
