1781 2889
390 141 484 190 IN
531 139 580 186 S.
626 133 1165 185 XAVERIUM..
1249 133 1415 183 cxxvii

107 239 154 282 in
191 237 482 283 Lusitaniam
518 234 672 281 redire
696 232 916 292 jusnmz,
965 229 1157 279 Martio
1204 236 1363 296 utique
1411 248 1486 297 po-

109 306 229 359 tius,
268 318 402 364 quam
444 298 713 347 Decembri
745 316 920 347 mense.

106 365 595 415 EPISTOLARUM

109 433 239 480 Ordo
271 448 420 479 novus
688 430 817 480 Ordo
854 445 995 480 vetus

107 499 213 545 Lib.
279 515 326 562 4,

125 566 209 628 Ep.
278 566 324 613 8.
361 565 413 612 P.
448 561 479 609 l.
520 575 541 626 5
581 577 646 626 ep.
683 580 714 626 9
748 563 811 610 al.
852 579 936 623 ιο,
977 566 1062 621 C.‚

401 628 449 676 P.
472 628 626 676 Paulo
647 626 874 678 Herediae
898 664 908 675 .
936 631 1063 687 Goiz,

404 709 431 741 2
467 696 588 756 Apr.
627 707 749 759 1552
797 723 816 732 —
886 723 905 736 ·
973 725 993 734 -
1045 725 1064 734 -
1137 710 1164 743 2
1201 697 1322 760 Apr.
1361 706 1483 759 1552

174 763 517 824 Inscriptionem
554 763 797 820 Peninus,
835 760 1204 825 subscriptionem
1242 779 1354 810 vero
1390 764 1483 807 Cu-

108 827 237 875 tillus
274 846 333 876 ex
369 827 576 874 diversis
628 828 765 888 plane
819 828 1098 891 apographis
1144 828 1484 891 prodiderunt:

107 892 269 940 eaedem
305 909 414 956 pene
450 910 521 941 res
559 895 713 941 ordine
749 905 1017 940 commutato
1052 909 1376 942 recensentur:
1429 905 1485 938 ac

108 961 333 1007 nonnullae
367 957 493 1023 apud
530 960 800 1006 Cutillatem
856 962 902 1004 in
950 975 1171 1007 summam
1208 971 1481 1015 contracta,

105 1023 210 1072 altae
262 1030 398 1074 etiam
451 1023 713 1083 adjunctae.
785 1024 972 1087 Qibus
1003 1025 1075 1084 fit
1123 1029 1240 1072 satis
1291 1021 1483 1086 manife-

106 1103 257 1150 stum,
309 1109 386 1138 nos
423 1104 685 1153 germana,
741 1101 784 1136 et
831 1094 1018 1150 integra
1068 1104 1225 1138 carere
1277 1089 1486 1138 Xaverii

107 1158 295 1221 epistola
317 1191 328 1202 .
369 1159 602 1212 Possinus,
640 1156 719 1218 qui
754 1157 1031 1218 ecgraphum
1066 1157 1149 1202 sub
1171 1155 1318 1215 finem
1348 1171 1484 1218 aper-

108 1225 154 1269 te
191 1223 396 1269 mutilum
435 1234 598 1268 nactus
633 1233 729 1277 est,
765 1234 984 1283 postremo
1020 1222 1387 1286 corrigendorum
1424 1220 1485 1266 lo-

109 1305 157 1336 co
193 1300 456 1346 monuerat,
512 1286 630 1333 hanc
679 1289 915 1348 epistolam
950 1293 1154 1351 postponi
1205 1288 1366 1336 debere
1418 1302 1486 1332 se-

108 1358 294 1418 quenti,
330 1368 373 1401 et
407 1353 627 1400 decimam
663 1357 928 1412 numerari;
966 1357 1191 1414 monitus,
1231 1359 1277 1400 ni
1298 1352 1477 1418 fallor,

107 1422 203 1467 illis
238 1419 440 1482 ejusdem
477 1421 673 1482 epistolae
709 1422 905 1468 verbis:
941 1420 1064 1467 Cum
1103 1419 1486 1467 hominibusho-

108 1501 211 1535 rum
259 1497 502 1533 tractuum
528 1501 559 1533 z:
613 1499 722 1532 cum
758 1486 899 1534 arrha
937 1483 984 1532 in
1023 1502 1166 1534 manu
1213 1485 1488 1550 tl’anssigen-

109 1551 224 1598 dum
261 1564 359 1599 est:
399 1553 565 1617 quihus
599 1551 841 1612 significat
879 1554 1153 1612 Xaverius,
1206 1571 1252 1601 se
1301 1569 1384 1598 non
1439 1555 1486 1596 in

99 1619 332 1683 Japonia,
371 1617 450 1665 sed
483 1621 530 1663 in
567 1619 705 1664 India
742 1618 938 1664 scribere
992 1619 1047 1665 de
1100 1622 1279 1667 ratione
1313 1616 1486 1682 agendi

110 1701 208 1731 cum
246 1686 602 1730 Cocinensibus.
639 1685 831 1742 Verum,
868 1684 1096 1747 neglect0‚
1134 1687 1214 1736 vel
1249 1701 1333 1730 non
1386 1685 1486 1727 am·-

111 1749 359 1796 madverso
397 1751 570 1797 Possini
609 1753 801 1807 monito,
840 1752 886 1794 in
923 1750 1074 1797 altera
1108 1753 1243 1796 etiam
1293 1749 1487 1798 editione

116 1817 326 1862 Romana
362 1817 474 1860 anni
515 1814 667 1870 1681,
704 1828 746 1860 et
783 1819 829 1859 in
869 1817 1125 1863 Coloniensi
1166 1818 1289 1880 1692
1322 1831 1487 1871 nonum

112 1894 301 1945 occupat
355 1881 528 1938 locum,
582 1883 702 1928 certo
750 1893 1105 1944 praeposterum,
1157 1896 1267 1930 ante
1327 1883 1490 1929 literas

112 1949 408 2011 Amangucio
443 1948 673 2009 scriptas.

278 2030 331 2079 9.
369 2012 421 2063 T.
458 2013 489 2058 l.
529 2027 548 2058 1
589 2024 655 2072 ep.
692 2023 745 2074 ς,
785 2013 867 2069 C.,
896 2010 1074 2058 P.Bal-

412 2074 594 2124 thasari
645 2077 817 2140 Gag03
873 2081 1079 2142 corrige,

415 2139 680 2189 Melc‘hiori
761 2142 1027 2190 Nunnezio
1065 2177 1077 2188 .

415 2209 544 2266 Goc'z,
600 2221 623 2273 3
680 2208 836 2270 Apr.,
877 2212 963 2267 C.‚
1019 2221 1074 2273 25

415 2277 567 2323 Mart.
607 2283 730 2338 1552
797 2303 817 2313 -
883 2302 903 2312 -
971 2302 990 2314 ·
1059 2302 1079 2312 -
1148 2286 1172 2339 3
1215 2274 1332 2337 Apr.
1376 2283 1497 2337 1552

1275 2337 1431 2404 Prcfe-
