1781 2889
285 190 804 258 EPISTOLARUM.
841 194 945 243 Lib.
981 196 1021 243 1.
1058 194 1261 260 Ep.11V.
1329 209 1386 264 23

81 290 186 344 aliis
225 291 430 343 deerunt
464 286 739 338 necessaria
775 289 835 348 ad
870 303 1039 340 eorum
1073 289 1265 351 studia,
1303 299 1456 355 quan-

80 372 182 407 tum
217 370 409 420 sperare
442 353 561 403 licet
595 369 656 402 ex
691 368 752 402 eo
803 356 930 420 quod
978 355 1058 422 qui
1093 355 1194 405 illic
1228 356 1452 422 degunt,

79 424 226 472 valde
259 421 379 469 bene
415 417 639 469 inclinati
672 433 785 469 sunt
818 421 880 469 ad
914 432 986 471 res
1023 437 1193 472 omnes
1239 421 1344 486 pias
1395 418 1456 470 δε

80 489 232 551 bonas
254 504 271 537 ,-
304 499 452 550 quare
489 499 589 534 non
626 485 901 535 dubitamus
938 485 1055 550 quin
1090 484 1228 537 brevi
1262 488 1313 536 in
1362 483 1462 540 ist}

82 551 417 616 Universitate
488 551 769 617 Collegium
838 553 1086 618 quoddam
1157 554 1462 603 Nostrorum

79 618 395 667 instituatur.
433 618 540 666 Nos
579 630 864 680 opportuno
902 630 1127 681 tempore
1162 631 1264 670 nori
1312 616 1471 672 omiti-v

79 682 235 733 temus
273 696 419 750 agere
454 700 564 731 cum
602 685 743 749 Rege
781 683 841 732 de
888 683 1157 733 excitando
1205 682 1460 734 Convictu.

79 750 448 799 Studiosorum:
488 749 548 797 ad
601 749 762 814 quod,
799 763 917 812 opus
969 761 1097 798 esset
1150 744 1318 798 doceri
1371 760 1461 797 nos

80 831 185 881 quae
239 827 323 864 tua
379 829 513 862 mens
563 812 627 863 sit
677 813 808 863 circa
864 813 1074 863 formam
1138 810 1464 864 institutionis

82 879 210 944 ejuS,
247 878 540 944 modumque
576 880 624 928 in·
660 896 720 930 ea
755 881 1094 945 procedendi;
1129 892 1237 930 tum
1285 880 1346 928 de
1397 892 1465 927 eo

82 946 186 1009 qui.
215 945 292 995 isti
328 945 718 1011 Congregationi
765 942 1052 1008 praefuturus
1103 958 1213 1008 est3
1267 946 1465 1010 quaque

83 1010 285 1061 Sodales
323 1010 574 1073 disciplina
609 1009 770 1060 teneri
807 1011 990 1060 debent
1028 1026 1079 1061 ut
1123 1023 1328 1062 crescant
1364 1026 1466 1058 ma-

74 1081 153 1143 gis
189 1081 234 1123 in
273 1078 451 1139 Spiritu
488 1092 625 1141 quam
662 1081 709 1123 in
745 1078 929 1125 literis.-
976 1089 1032 1125 ut
1084 1089 1195 1124 cum
1240 1075 1464 1140 alloque-

83 1158 187 1190 mur
239 1142 428 1205 Regem
464 1173 478 1201 ‚
538 1137 583 1189 ei
628 1152 927 1203 exponamus
977 1140 1176 1190 vivendi
1234 1141 1464 1200 modum,

82 1221 225 1274 quem
279 1205 586 1255 observaturi
637 1205 734 1256 sint
783 1202 947 1271 quiin
1000 1205 1176 1256 nostris
1226 1204 1468 1271 Collegiis

83 1286 285 1336 operam
319 1271 471 1320 literis
509 1271 725 1322 dabunt:
764 1287 862 1338 quo
898 1271 959 1320 de
994 1284 1107 1322 toto
1168 1282 1469 1339 argumento*

83 1335 226 1387 scribi
260 1340 289 1387 a
326 1338 399 1386 Te
434 1336 496 1385 ad
530 1353 619 1386 nos
656 1335 758 1387 fuse
794 1332 1061 1401 pervelim.
1099 1335 1221 1387 Non
1255 1345 1466 1401 apparet

83 1401 374 1452 obstiturum
409 1401 703 1468 quidquam,
740 1403 996 1467 quominus
1045 1402 1146 1451 illic
1198 1402 1472 1453 aedificetut

88 1471 280 1534 Domus
341 1469 642 1532 excipiendis
695 1469 943 1535 Magistris
998 1471 1054 1523 δε
1102 1468 1465 1528 Scholaribu53

86 1536 189 1588 imo
247 1535 302 1586 δι
367 1534 473 1584 aliae
527 1536 700 1586 domus
747 1535 968 1586 Instituti
1020 1535 1210 1585 nostri.
1250 1532 1487 1587 Multum,

85 1600 300 1653 libenter
332 1599 414 1665 qui
446 1595 528 1651 hic
563 1614 674 1650 sunt
707 1599 932 1652 facerent
978 1602 1118 1652 nobis
1154 1602 1375 1661 Domos,
1424 1597 1478 1665 si,

92 1665 324 1717 adessent
360 1665 443 1730 qui
478 1681 559 1715 eas
595 1665 906 1716 incolerent⁴
940 1727 942 1730 .
1170 1726 1172 1728 ‚

158 1749 206 1795 4.
226 1730 492 1794 Episcopus
512 1733 693 1782 amicus
716 1745 882 1782 noster
899 1731 1024 1782 dixit
1060 1730 1199 1781 nobis
1225 1748 1236 1781 :
1275 1732 1468 1797 Regem

93 1797 313 1846 nondum
348 1795 492 1860 plane
525 1799 836 1848 constituisse
885 1814 949 1846 an
1001 1798 1224 1847 missurus
1277 1813 1366 1845 nos
1419 1795 1470 1844 in

93 1862 257 1927 indias
293 1861 388 1924 sit,
425 1865 555 1927 quOd
591 1863 661 1910 illi
697 1864 957 1926 videatur3
993 1880 1080 1912 nos
1116 1860 1195 1913 hic
1232 1879 1333 1911 non
1383 1861 1469 1909 mi—

94 1943 180 1976 nus
215 1929 480 1977 servituros
517 1927 736 1979 Domino
773 1931 963 1979 Nostro
1017 1944 1162 1995 quam
1209 1928 1335 1977 illic.
1388 1929 1471 1976 In-

93 1993 329 2043 stiterunt
380 1995 479 2043 duo
527 1994 753 2060 Episcopi
808 2008 1013 2060 quorum
1063 1993 1313 2045 contraria
1363 2008 1470 2041 sen·

94 2061 253 2123 tentia
290 2072 393 2120 est,
431 2076 517 2109 nos
556 2060 686 2110 nulla
721 2061 915 2111 ratione
953 2060 1158 2111 detineri
1194 2061 1243 2108 in
1297 2058 1362 2108 his
1397 2058 1471 2108 lo·

97 2124 163 2174 cis
198 2124 413 2187 debere,
450 2127 534 2176 sed
570 2127 701 2176 mitti
753 2126 802 2174 in
838 2127 1032 2188 India53
1084 2128 1217 2191 quod
1253 2122 1472 2174 futurum

95 2191 377 2242 existiment
412 2206 467 2241 ut
520 2192 668 2258 aliqui
705 2193 869 2258 Reges
920 2199 1309 2241 convertantur.
1362 2192 1472 2240 Nos

95 2270 286 2320 semper
318 2257 496 2309 intenti
530 2274 691 2309 sumus
737 2257 1054 2326 adjungendis
1101 2258 1240 2308 nobis
1276 2257 1428 2307 Sociis
1458 2274 1470 2306 :

100 2320 156 2382 ὃς
205 2325 355 2374 credo
407 2337 510 2382 non
563 2324 843 2385 defuturos,
890 2336 1038 2390 prout
1071 2340 1122 2377 se
1173 2338 1255 2376 res¹
1299 2323 1472 2373 sensim

762 2393 796 2440 B
831 2409 865 2457 4
1237 2405 1407 2455 proce·
