1781 2889
345 212 480 262 cxxii
630 211 1322 263 PROLEGOMENA

274 309 400 375 plius
436 318 639 357 centum
678 305 952 373 nonaginta
988 306 1200 356 millibus
1224 345 1236 355 .
1287 312 1510 374 Sequenti
1556 313 1675 375 epis·

281 378 376 425 tola
415 393 477 440 24
512 374 655 440 refert
674 379 770 435 ipse
795 376 1074 423 Xaverius:
1112 375 1410 442 Qondam,
1434 387 1488 423 ut
1508 373 1674 437 ajunt,

277 455 532 493 tectorum
570 439 783 487 millibus
825 442 916 487 180
951 446 1265 490 constabat2:
1319 443 1521 490 Nunc::
1563 444 1676 490 Do-

278 522 470 558 morum
510 505 661 553 millia
698 506 933 553 continet
968 506 1176 569 amplius
1218 524 1344 557 100.
1382 509 1569 578 Qibus
1604 513 1676 555 in-

280 590 349 624 ter
383 592 430 622 se
467 575 682 630 collatis,
720 572 960 629 arbitror,
1008 588 1089 634 pro
1112 592 1127 622 :
1177 573 1398 636 Amplius
1450 588 1676 639 nongen-

277 642 372 700 εἰς,
410 638 700 704 scribendnm
724 656 739 686 .·
777 634 1000 698 Amplius
1037 638 1314 704 nonaginta
1348 637 1586 699 millibus,
1624 654 1677 688 ut

283 720 351 755 est
405 709 453 751 in
507 720 574 768 ep.
624 706 726 763 21,
781 705 829 748 in
878 701 1012 764 cujus
1062 707 1182 754 itala
1234 710 1448 755 versione
1509 708 1679 758 60000
1743 723 1760 759 .’

277 786 358 837 pro
393 787 565 836 9oooo
599 771 820 833 irrepsit.

277 902 775 953 EPISTULARUM

285 972 416 1018 Ordo
452 987 604 1018 novus
878 967 1009 1017 Ordo
1045 982 1189 1017 vetus

280 1039 388 1084 Lib.
459 1053 498 1104 3.

297 1105 388 1168 Ep.
426 1119 505 1169 24.
557 1101 738 1168 51‘..l.3
789 1117 856 1165 ep.
907 1119 968 1167 7,
1025 1105 1112 1160 C.‚
1165 1101 1256 1149 So-

267 1209 269 1211 .
581 1168 760 1216 cietati
815 1171 1019 1217 Goam.
1078 1171 1261 1215 Aman-

574 1238 744 1299 guci03
782 1251 859 1282 an.
901 1250 1054 1300 15503
1095 1235 1262 1283 Cutill.
1550 1270 1555 1276 ·

578 1301 749 1361 addit,
789 1317 851 1351 20
887 1305 1020 1349 va.
1081 1329 1100 1338 -
1154 1330 1173 1339 —
1227 1330 1247 1340 ·-
1549 1313 1676 1367 1550

346 1369 524 1414 Mirum
579 1383 716 1427 sane,
772 1368 896 1432 quod
948 1373 994 1414 in
1044 1367 1248 1414 omnihus
1283 1366 1422 1429 hujus
1474 1371 1676 1430 epistolae

280 1434 585 1493 editionibus,
639 1449 758 1499 quas
808 1435 1060 1490 viderim,
1118 1451 1270 1481 annus
1328 1446 1477 1500 1550.
1525 1434 1671 1481 eidem

280 1502 623 1559 adscrihatm·;
678 1518 777 1548 cum
815 1504 897 1549 vel
932 1503 1053 1550 solus
1091 1502 1236 1566 ipsius
1276 1513 1523 1548 contextus
1576 1514 1674 1547 ma-

283 1566 451 1631 msesfo
511 1581 607 1613 eam
658 1570 704 1612 in
754 1580 1094 1633 consequentem
1146 1582 1317 1614 annum
1374 1564 1673 1631 transferat.

283 1633 605 1695 ,Superioribus
640 1634 789 1680 literis
825 1651 901 1681 nos
937 1635 1091 1682 decuit
1127 1636 1406 1691 Xttverius‚
1441 1634 1677 1696 appulisse

280 1717 326 1747 se
376 1703 720 1765 Cangoximam
759 1700 834 1747 die
878 1718 926 1766 15
968 1705 1097 1763 Aug.
1148 1715 1303 1765 1549:
1359 1713 1504 1764 atque
1553 1699 1676 1747 hisce

279 1766 467 1814 tradit.-
522 1767 720 1813 Annum
774 1778 938 1814 totum
983 1766 1202 1825 ibidem,
1246 1781 1408 1828 eoque
1463 1764 1672 1826 amplius

280 1833 577 1880 commorati
632 1847 849 1882 sumus::
897 1833 1018 1882 Inde
1051 1849 1137 1880 nos
1174 1832 1221 1878 in
1253 1832 1386 1880 aliud
1436 1831 1671 1894 oppidum

280 1895 538 1960 profectos
591 1900 821 1962 Dynasta
874 1898 1245 1962 perhumaniter
1296 1899 1530 1959 accepit:
1586 1895 1670 1944 ubi

281 1963 383 2012 dies
419 1964 615 2028 aliquot
658 1966 1008 2014 commorati:
1062 1967 1251 2017 Cosmo
1304 1965 1547 2013 Turriano
1599 1962 1670 2010 his

281 2032 547 2094 neophytis
602 2032 856 2093 praesidere
890 2030 1046 2091 jusso,
1083 2034 1189 2098 Ego
1225 2047 1336 2079 cum
1371 2032 1454 2093 Jo.
1506 2028 1668 2078 Ferdi-

282 2097 449 2145 nando
500 2099 913 2162 Amangucium:
959 2098 1302 2147 contendimus
1328 2113 1358 2144 ;;
1400 2098 1454 2145 In
1495 2111 1553 2144 ea
1591 2095 1685 2143 ur·'

283 2163 343 2212 be
373 2161 471 2211 dies
507 2167 774 2226 permultos
808 2165 985 2214 morati
1012 2182 1042 2214 ::
1083 2181 1192 2214 cum
1228 2164 1428 2228 exiguus
1466 2173 1666 2219 nostro-

281 2245 386 2279 rum
442 2228 668 2280 laborum
724 2231 788 2278 ibi
847 2230 1031 2280 fructus
1084 2242 1316 2286 extaret,
1372 2229 1665 2276 Meacumz:

279 2297 610 2357 perreximus.
670 2301 869 2347 Menses
906 2299 952 2346 in
994 2299 1168 2347 itinere
1211 2292 1456 2358 posuimus
1505 2295 1664 2342 duos:

283 2363 520 2412 Meacum
567 2377 622 2413 ut
675 2365 924 2425 venimus,
978 2365 1080 2414 dies
1133 2361 1326 2425 aliquot
1372 2358 1666 2422 expectavi-

1424 2443 1529 2475 mus
1557 2443 1590 2474 .·:
