1781 2889
397 236 497 288 290
635 186 637 188 ’
649 220 1112 274 §.FRANCISCI
1146 222 1445 274 XAVERn

334 318 601 387 Religione
637 317 976 382 profecturzos
1030 334 1208 393 neque·
1227 317 1434 368 omnino
1470 331 1557 381 per
1591 318 1722 370 aliud

332 362 483 435 stare&
520 400 781 449 quominus
844 397 1095 456 quotquot
1164 385 1345 434 vivunt
1401 385 1620 434 homines
1674 387 1723 434 in

339 454 482 501 India
533 452 715 500 Christi
772 451 1106 500 Divinitatem
1161 464 1461 524 agnoscant,
1514 452 1570 505 &
1621 449 1722 510 ejus

338 519 540 567 Sacram
585 517 880 568 Doctriiam
938 492 1296 579 profiteantur,
1350 520 1496 581 quam
1558 519 1724 582 quod,

336 586 415 646 qui
441 587 622 633 Piaetor
641 597 724 632 aut
748 582 1012 632 Praefectus
1036 585 1081 631 id
1097 599 1268 632 curare
1303 582 1551 648 neglexit,
1590 582 1726 635 nulla,

335 665 422 715 per
446 648 767 707 Maiestatem
806 653 961 698 Tuam
1014 650 1153 716 gravi
1190 649 1342 714 poena
1366 616 1694 701 emulctatur.

410 734 484 766 11.
519 718 582 767 Et
619 716 856 781 quoniam
894 717 974 764 vix
1011 732 1154 779 spero
1209 717 1256 764 id
1307 730 1537 779 umquam
1589 715 1724 764 futu-

337 800 473 841 rum,
514 799 684 846 parum
722 784 894 843 abest,
934 783 1050 847 quin
1089 798 1167 831 mc
1204 784 1307 831 haec
1343 783 1592 852 scripsisse
1618 799 1725 844 poe-

337 853 536 910 niteat:
571 849 651 896 ubi
688 850 957 922 praesertin]
996 861 1201 912 reputo,
1241 846 1449 896 forsitan
1489 845 1727 905 Majf‘sta-

337 930 388 965 tc
397 933 439 962 in
479 918 636 964 Tuam
675 931 735 963 cx
778 917 872 964 hoc
910 932 1016 977 ipso
1055 915 1188 980 quod
1221 916 1291 963 ΤΕ
1328 914 1387 962 dc
1426 915 1521 964 hoc
1558 915 1727 962 admo-

334 983 450 1041 nui,
502 981 851 1030 inexorabilius
906 982 1035 1044 apud
1073 982 1173 1030 Dei
1210 979 1450 1029 Tribunal
1507 978 1727 1039 judican-

338 1051 477 1097 dam:
521 1065 611 1097 nec
649 1049 752 1096 scio
815 1060 978 1097 utrum
1015 1047 1106 1097 tali
1144 1060 1369 1111 tempore
1421 1046 1730 1096 admittenda

340 1118 403 1164 sit
441 1115 674 1178 exceptio
713 1131 808 1179 qua
844 1113 976 1164 forte
1014 1113 1278 1181 allegabis;
1319 1115 1390 1162 Te
1446 1129 1544 1161 non
1582 1111 1726 1162 fuisse

339 1134 618 1248 obligataln]
656 1181 719 1229 ad
761 1181 908 1229 fidem
948 1154 1278 1229 adhibebndani
1302 1178 1422 1228 meis
1461 1178 1637 1227 literis.
1659 1181 1732 1229 Ex

337 1222 488 1301 animi
526 1248 623 1296 mci
644 1248 893 1297 sententia
912 1281 924 1307 ,
946 1264 1098 1296 summ
1106 1248 1133 1296 a
1154 1247 1250 1296 fide
1271 1280 1282 1307 ‚
1305 1244 1546 1309 profiteor
1570 1242 1730 1302 Maie-

335 1314 456 1364 stati
495 1316 642 1373 Tuae,
682 1330 759 1362 mc
794 1329 1106 1386 nequaquam
1142 1313 1438 1373 scripturum
1476 1312 1579 1360 haec
1617 1309 1730 1358 fuis-

334 1397 421 1439 se,
460 1396 564 1446 quae
604 1381 837 1428 hactenus
863 1396 1092 1443 exposui,
1127 1379 1185 1427 de
1224 1376 1469 1428 Praefectis
1505 1389 1590 1425 aut
1607 1379 1730 1426 Prae-

341 1447 711 1496 sidibushorum
733 1459 1011 1505 tractuum,
1040 1461 1239 1508 Sipossc
1282 1459 1359 1492 me
1395 1441 1605 1492 reticere
1641 1444 1733 1492 ista

340 1513 445 1563 sine
469 1512 697 1560 crimine
708 1512 1002 1574 persuadere
1019 1512 1135 1560 mihi
1155 1510 1423 1563 ullomodo
1446 1507 1734 1571 potuissem.

413 1596 488 1628 12.
525 1566 793 1635 Nondum,
834 1578 1085 1637 Domine,
1124 1576 1268 1639 plan&
1306 1575 1541 1624 constitu·
1565 1590 1627 1622 an
1645 1574 1734 1622 sim

337 1643 492 1695 iturus
527 1643 576 1691 in
600 1643 902 1718 Japoniam:
940 1644 1023 1692 sed
1059 1658 1296 1715 magnum
1335 1641 1449 1690 mihi
1502 1656 1730 1690 momen-

341 1723 480 1770 tuin,
518 1723 572 1759 ut
609 1714 656 1759 in
696 1708 963 1758 consilium
1013 1712 1074 1758 Εὸ
1126 1708 1471 1771 proficiscendi
1525 1723 1734 1780 propen-

343 1778 524 1837 dcam,
563 1775 737 1828 addit
762 1776 896 1840 quod
936 1775 1078 1825 valde}
1117 1775 1286 1824 uiflido
1325 1772 1610 1823 adfuturum
1650 1789 1737 1827 mi-

342 1844 391 1894 hi
429 1844 504 1893 hic
545 1842 592 1891 in
632 1843 767 1892 India
806 1857 916 1890 cum
974 1858 1141 1891 verum
1180 1842 1237 1894 δι
1276 1839 1532 1896 efficacem
1574 1838 1736 1905 Magi-

341 1923 586 1960 stratuum
624 1907 849 1957 favorem
887 1907 966 1973 qui
1005 1921 1133 1957 esset
1169 1907 1465 1970 necessarius
1487 1906 1548 1956 ad
1579 1879 1735 1957 incre-

346 1990 569 2026 mentum
609 1977 804 2024 Nostrae
844 1976 1038 2023 Sanctae
1077 1973 1243 2034 Fidei,
1283 1974 1340 2027 ὃς
1376 1974 1438 2024 ad
1473 1986 1733 2023 conserva-

343 2043 538 2093 tioncm
578 2040 969 2092 Christianitatis
1009 2039 1103 2096 jam
1142 2039 1320 2089 factae.

414 2125 486 2176 13.
505 2109 729 2158 Obsecro
748 2120 900 2172 atque
934 2106 1161 2156 obtestor
1202 2109 1520 2164 Maiestatem
1544 2104 1730 2164 Tuam,

340 2191 459 2249 per,
498 2191 596 2240 quo
638 2177 715 2226 Dc
707 2191 802 2222 urn
845 2173 1120 2223 Dominum
1174 2174 1414 2223 Nostrum
1463 2185 1733 2234 proseque-

340 2259 443 2300 ris,
505 2257 762 2301 amorem;
815 2255 1012 2304 quoquc
1064 2240 1241 2306 flagras
1289 2239 1330 2286 ci
1383 2235 1729 2299 gratificandi,

339 2307 586 2368 studium,
625 2320 678 2355 ut
718 2305 812 2355 tuis
851 2281 1159 2354 fidelissimis
1178 2321 1262 2376 pcr
1299 2304 1458 2354 Indias
1484 2301 1732 2362 Subditis‚

338 2376 555 2441 mihique
591 2389 702 2422 cum
738 2371 863 2440 illis,
899 2383 1097 2422 tantum
1134 2387 1276 2439 regiae
1313 2370 1451 2420 istius
1473 2367 1730 2433 indulgeas

1559 2449 1668 2505 212-
