1781 2889
321 169 1044 224 EPISTOLARUM.11'L.1
1077 171 1225 241 'Epa
1226 211 1239 223 .
1384 190 1414 247 7

117 289 264 339 quam
299 270 578 321 fallentibus
611 268 926 333 pensionibus
961 267 1228 318 necessaria
1273 270 1483 334 pecunia

116 338 366 410 pervenit.
404 339 449 384 Is
484 336 651 385 literas
685 352 794 383 cum
830 335 1069 384 mandatis
1115 336 1360 384 tractandi
1397 352 1482 385 nea

115 417 238 468 gotu
287 400 533 460 cujusdam
585 401 912 464 proficiscenti
950 404 1016 450 D.
1056 402 1127 449 Μ.
1173 402 1370 465 Ignatio
1416 403 1483 451 ad

116 470 308 518 Patrem
344 483 478 515 suum
514 467 681 527 dedit,
717 483 918 532 quarum
952 482 1098 515 causa
1128 467 1484 516 reddendarum

75 588 87 595 N
112 533 240 582 idem
275 551 303 583 a
340 534 410 582 Te
430 533 682 582 discedens
704 534 1016 582 Almasanum
1038 543 1110 580 est
1129 531 1308 581 iturus,
1330 536 1483 583 Com„

113 599 286 672 mitte3
321 615 481 664 quaeso
517 611 594 657 te,
640 598 967 669 proficiscenti
1017 596 1247 662 quidquid
1293 600 1355 647 ad
1404 616 1486 649 me

113 665 331 729 pecuniae
367 663 605 726 perlatum
643 680 745 712 vis.
779 662 870 713 Ille
906 677 1134 712 cunctam
1169 663 1265 712 fide
1300 666 1487 714 summit.

115 731 333 802 deponet
365 732 414 777 in
451 729 670 778 manibus
704 728 895 778 honesti
942 729 1302 778 Almasanensis
1365 732 1489 780 civis

113 795 328 860 parentis
375 792 476 853 ejus
527 794 621 844 mei
683 794 1041 858 condiscipuli,
1096 795 1156 842 de
1203 810 1301 857 quo
1353 796 1482 857 dixi,

116 863 194 924 qui
231 878 326 926 qua
362 862 440 911 via
477 860 578 909 filio
615 876 702 909 suo
739 876 907 909 curare
936 859 1084 909 annui
1119 859 1279 909 victus
1303 877 1489 910 merce·-

115 929 199 976 des
235 926 615 987 solet‚eadem,
653 927 709 977 &
743 926 844 989 pari
869 941 1050 991 genere
1072 938 1314 986 monetae,
1336 942 1485 991 quam

116 991 318 1040 minimo
353 992 720 1041 intertrimento
755 1007 990 1052 versurae,
1027 959 1314 1053 pensionem,
1359 1010 1387 1041 a
1432 1006 1488 1042 te

116 1056 232 1106 mihi
266 1058 564 1106 destinatam
598 1057 797 1104 mittet:
853 1071 966 1103 nam
1013 1057 1107 1103 hoc
1157 1071 1267 1104 eum
1303 1070 1360 1106 ut
1412 1057 1486 1106 fa-

114 1123 243 1180 ciat,
278 1122 446 1170 iisdem
480 1120 634 1169 literis
669 1119 811 1183 ipsius
848 1121 996 1179 filius,
1034 1136 1148 1168 meo
1184 1135 1393 1187 rogatu,
1414 1123 1488 1171 di-

113 1187 324 1254 ligenter
357 1187 513 1250 petit.
550 1188 658 1235 Oro
694 1185 844 1234 etiam
895 1199 1047 1250 atque
1098 1184 1249 1235 etiam
1297 1203 1358 1235 ne
1405 1204 1488 1235 na—

113 1267 221 1302 ctus
256 1253 567 1301 occasionem
602 1265 704 1301 tam
740 1267 916 1300 securae
951 1250 1323 1302 transmissionis
1370 1269 1491 1302 con-

114 1333 364 1368 senescere
400 1335 477 1367 me
514 1317 690 1367 diutius
725 1316 773 1365 in
808 1317 980 1367 misera
1015 1318 1137 1366 sinas
1173 1317 1367 1380 inopia

182 1403 229 1452 9.
249 1383 306 1432 In
342 1385 481 1434 rebus
517 1380 596 1433 hic
616 1383 791 1432 nostris
828 1384 1109 1433 domesticis
1145 1382 1263 1432 nihil
1298 1385 1490 1447 habeo2

118 1454 413 1524 magnopere
448 1466 575 1499 nunc
611 1449 803 1515 quidem
840 1449 1020 1514 scriptu
1057 1450 1254 1515 dignum
1279 1483 1291 1510 ,
1313 1464 1492 1516 praetei:

120 1515 285 1583 tugam
319 1533 379 1566 ex
415 1517 506 1566 hac
531 1516 799 1566 Academia
821 1516 1114 1567 Consobrini
1143 1517 1326 1577 nostri,
1347 1532 1495 1583 quam

120 1556 203 1631 υπὸ
222 1585 330 1631 sero
364 1577 609 1649 cognovi,
645 1583 885 1632 curriculo
921 1583 1164 1634 insecutus
1209 1599 1340 1644 sum3
1377 1599 1494 1647 pue·

122 1663 256 1708 rum,
303 1647 338 1694 si
391 1663 583 1711 possem
629 1649 841 1712 assequi,
879 1662 1206 1699 retracturus.
1252 1650 1349 1697 Sed
1395 1647 1494 1697 fru-

122 1715 220 1761 stra
253 1714 518 1773 contendi,
553 1713 817 1788 pervolato
869 1715 997 1762 enim
1049 1714 1305 1764 velocibus
1357 1713 1495 1780 equis

123 1791 333 1841 quatuor
367 1780 424 1830 ὅτ
458 1747 662 1844 triginta
712 1779 959 1828 leucarum
1012 1780 1204 1843 spatio,
1258 1793 1495 1845 quantum

122 1843 370 1893 Lutetiam
408 1845 465 1895 δε
501 1847 699 1898 Sacram
732 1845 910 1895 AEdem
945 1846 1171 1895 Dominae
1224 1858 1402 1895 nostrae
1438 1848 1495 1894 de

125 1909 250 1958 Cleri
302 1908 454 1975 vulgo
502 1910 714 1971 dictam,
764 1910 1046 1971 interiacet,
1097 1913 1354 1961 reflectere
1401 1911 1497 1960 iter

123 1989 340 2022 successu
387 1949 658 2037 desperato
701 1992 804 2024 sum
839 1991 1073 2027 coactus.
1127 1980 1277 2044 Rogo
1324 1991 1381 2028 te
1434 1991 1495 2026 ne

125 2040 327 2088 omittas
363 2056 508 2104 quam
543 2041 746 2103 primum
783 2044 965 2104 poteris
1000 2043 1260 2092 certiorem
1309 2058 1387 2090 me
1422 2041 1495 2089 fa-

125 2121 262 2163 cere,
300 2106 474 2168 ecquid
509 2104 782 2172 fugitivus
773 2124 819 2155 in
859 2109 1085 2158 Navarra
1136 2106 1496 2171 compaiverit.

125 2169 285 2218 Valde
321 2183 488 2219 metuo
524 2185 578 2220 ut
612 2173 672 2221 ad
706 2173 887 2222 bonam
923 2188 1136 2239 unquam
1156 2173 1342 2238 frugem
1377 2189 1496 2235 piae-

128 2250 240 2296 ceps
275 2235 367 2284 ista
405 2237 453 2284 in
490 2238 713 2301 sequiora
749 2239 937 2288 indoles
973 2242 1175 2288 redeat
1212 2214 1330 2308 Qo
1366 2238 1496 2300 apud

127 2315 216 2348 nos
247 2300 363 2351 loco
410 2317 509 2352 res
510 2303 881 2356 Ecclesiastiea
916 2306 1067 2355 modo
1103 2306 1190 2370 sit5
1239 2319 1495 2375 quorsum,

720 2372 762 2420 A
800 2389 832 2438 4
1359 2385 1431 2417 m-
