1781 2889
358 230 428 285 *ni
672 228 1370 283 rROLEGOMENA

303 326 439 393 petit
473 328 696 392 sequenti
733 343 869 377 anno
907 343 990 400 153
1031 363 1045 376 .
1097 327 1176 393 qui
1211 327 1423 391 Cyclum
1473 340 1700 383 numera,-

308 396 384 443 vit
439 395 565 443 Solis
617 413 664 463 4.
721 392 990 450 Dominica
1018 409 1096 443 em
1149 395 1325 445 habuit
1393 393 1587 442 literam
1639 395 1700 448 C.

305 476 458 523 quam
508 477 619 509 cum
674 458 964 514 immediate
1015 462 1265 524 praecedat
1320 462 1374 519 B.
1420 460 1513 509 diei
1550 471 1701 508 sextae

311 526 483 576 Martii
523 528 702 598 index)
761 542 967 590 apparet
1019 526 1109 581 illo
1158 542 1291 575 anno
1345 526 1613 580 Sabbatum
1649 525 1702 574 in

307 606 501 641 sextum
542 591 715 641 Mar-cli
752 594 881 642 diem
917 593 1176 653 incurrisse
1200 629 1211 640 .
1248 595 1426 658 Itaque
1464 593 1545 659 qui
1581 590 1701 640 alibi

307 657 660 707 numerabatur
712 657 798 717 illo
852 659 1026 710 Martii
1083 660 1258 710 Mense
1307 662 1474 710 Annus
1517 655 1701 707 C'nristi

310 740 462 791 1535,
514 723 703 772 Parisiis
757 741 896 795 1534.
945 728 1363 788 computabatur.
1420 724 1701 781 Desinebat
1744 720 1746 723 ’

303 791 456 858 igitur
490 791 734 852 Lutetia‘,
766 807 905 840 more
946 793 1048 844 illic
1086 805 1209 846 tunc
1263 803 1469 852 recepto
1525 806 1700 843 nume·

303 855 479 915 randi,
519 873 672 908 annus
714 872 864 924 1534,
904 873 1016 905 cum
1051 857 1166 905 inde
1204 855 1421 904 discessit
1451 856 1701 923 Ignatius.

302 923 545 982 Polancus
583 926 755 986 porro,
793 923 927 988 quOd
963 922 1211 990 Ignatium
1252 921 1394 973 ivisse
1429 920 1615 973 Parisiis
1651 923 1701 972 in

301 988 595 1052 Hispaniam
634 989 782 1037 sciret
813 1005 875 1042 eo
915 990 1058 1054 plan'e
1100 1005 1234 1045 anno
1274 1004 1418 1053 quem
1457 987 1700 1053 plerisque

298 1055 350 1103 in
387 1055 508 1103 locis
547 1054 811 1116 Christiani
854 1070 991 1124 1535.
1014 1049 1370 1115 numerabant,
1393 1054 1539 1119 idque
1561 1071 1698 1122 com„-

296 1121 510 1186 perisset
544 1138 604 1170 ex
643 1120 931 1169 Traditione
958 1121 1273 1179 'domestica-2
1306 1121 1571 1186 contigisse
1606 1122 1695 1169 sub

299 1189 450 1237 finem
487 1187 637 1246 anni,
676 1187 733 1238 δι
769 1187 979 1236 credidit
1018 1189 1073 1237 ἃ
1108 1186 1345 1250 persuasit
1389 1186 1599 1245 Maffejo
1636 1187 1695 1248 ὃς

295 1252 613 1313 Orlandino‚
652 1252 911 1301 discessum
950 1252 1084 1300 illum
1106 1252 1375 1319 contigisse
1398 1269 1529 1303 anno
1557 1267 1695 1319 1535.

301 1319 352 1368 in
391 1318 578 1368 exitum
618 1331 889 1386 vergente.
926 1322 1093 1384 Atque
1131 1335 1227 1386 ego
1264 1320 1377 1366 dum
1400 1333 1692 1382 perpetuam

298 1384 509 1442 Xaverii
541 1386 954 1434 consuetudinem
992 1398 1170 1449 reputo
1210 1386 1327 1433 anni
1384 1398 1555 1434 notam
1608 1401 1692 1449 ap·

300 1451 516 1525 ponendi
549 1451 641 1499 suis
678 1451 864 1513 literis,
900 1450 1047 1507 facile
1098 1451 1320 1500 adducor
1362 1464 1417 1500 ut
1463 1452 1691 1512 credam,

300 1518 418 1567 ideo
455 1517 590 1566 illum
630 1518 725 1566 hoc
753 1515 917 1566 facere
948 1518 1164 1570 omisisse
1214 1518 1262 1565 in
1319 1518 1411 1567 hac
1447 1517 1693 1568 duntaxat

297 1583 549 1645 Epistola,
583 1585 715 1648 quod
750 1584 897 1632 sciret
947 1586 993 1632 in
1050 1584 1319 1646 Hispania,
1373 1587 1473 1649 quo
1510 1583 1691 1633 scribe-

300 1650 416 1709 bat,
451 1666 631 1698 annum
671 1649 765 1708 jam
805 1664 907 1700 tum
948 1666 1084 1717 1535.
1121 1653 1150 1699 a
1185 1649 1294 1699 Kal.
1342 1650 1570 1717 Januarii
1609 1666 1695 1701 nu-

295 1716 471 1765 merari
503 1730 755 1773 coeptum,
786 1718 911 1767 unde
944 1733 1055 1765 cum
1092 1733 1181 1765 nec
1225 1716 1416 1768 Parisiis
1453 1716 1535 1764 ubi
1573 1731 1692 1778 tunc

297 1795 436 1842 erat,
464 1781 612 1831 aliam
650 1797 816 1845 posset
867 1784 984 1831 anni
1038 1797 1212 1832 notam
1269 1799 1415 1847 quam
1455 1782 1556 1831 illic
1599 1782 1694 1832 usi-

295 1861 456 1898 tatam
496 1865 714 1911 ponere,
753 1850 811 1902 &
841 1852 879 1898 si
918 1866 1025 1911 eam
1066 1853 1304 1913 poneret,
1339 1862 1596 1899 vereretur
1631 1865 1693 1908 ne

296 1931 381 1964 sua
434 1916 656 1978 Epistola
707 1912 861 1964 minus
914 1932 1085 1966 recens
1137 1931 1283 1980 quam
1335 1915 1490 1964 vellet
1540 1915 1691 1965 Fratri

294 1982 580 2042 videretur,
618 1980 765 2032 facile
803 1982 1068 2046 opinaturo
1124 1983 1290 2031 datam
1342 1982 1476 2031 illam
1518 1984 1692 2043 Mense

294 2048 488 2098 Martio
535 2049 795 2111 superioris
844 2050 984 2110 anni,
1040 2049 1333 2102 abstinuisse
1387 2047 1692 2099 indicatione

295 2115 437 2174 anni,
474 2115 579 2165 sola
617 2115 710 2165 diei
749 2117 1061 2179 expressione
1099 2129 1428 2166 contentum.
1483 2116 1606 2163 Haec
1644 2113 1692 2163 in

296 2182 424 2231 hanc
462 2180 663 2243 primam
699 2181 975 2244 Epistolam
1029 2182 1289 2236 admonitu
1346 2196 1445 2235 non
1498 2179 1692 2230 inutilia

292 2262 409 2297 sunt
445 2248 574 2296 visa:
612 2248 866 2306 reddamus
905 2249 1136 2312 deinceps
1171 2262 1407 2304 caeteras.

364 2318 397 2348 '¹’
438 2318 579 2363 Hanc
618 2318 671 2364 P.
710 2318 914 2365 Cunllas
953 2316 1126 2374 editam
1163 2329 1192 2362 a
1228 2332 1274 2361 se
1308 2313 1462 2376 prodit
1494 2330 1558 2361 ex
1605 2328 1690 2362 au-

297 2382 521 2448 sographo
558 2379 766 2446 (Copia
804 2382 866 2431 de
898 2381 948 2432 la
985 2393 1125 2430 carta
1162 2376 1456 2445 original).
1491 2379 1576 2427 Ad
1602 2379 1686 2427 hu-

1532 2443 1620 2509 jus
