1781 2889
384 240 447 291 14
596 205 644 271 s.
679 219 1052 271 fRANc1se1
1086 222 1402 273 XAVERII*

312 319 541 389 quentiS,
574 330 680 370 tam
711 316 841 369 ultra
875 318 1076 368 solitum
1110 316 1298 383 pallore
1334 333 1393 367 ac
1427 332 1566 367 sensu
1601 315 1698 378 dis&

310 386 524 436 criminis
558 397 780 444 mutata,
829 397 885 434 ut
932 384 1092 436 redire
1143 384 1393 434 videretur
1444 399 1505 434 ex
1558 382 1701 434 Infe&

310 453 407 505 xis,
443 455 571 505 Sane
622 452 682 500 de
733 451 892 513 poenis
945 467 1051 518 quae
1098 449 1164 498 ibi
1209 451 1487 501 tolerantur
1517 448 1699 500 'multa'

311 530 421 570 erat
454 517 555 574 ejus
592 517 650 569 &
681 516 938 579 pathetica
986 516 1179 576 oratio,
1212 517 1366 581 qualis
1399 516 1526 566 illius
1561 514 1696 566 foret

310 584 394 652 qui
431 595 560 632 esset
595 593 858 644 expertus:
896 579 1066 647 quibus
1102 578 1386 646 frequenter
1405 582 1691 633 inserebat:

309 649 455 713 plane
491 647 561 697 ita
598 646 737 708 fieri3
772 658 828 697 ut
864 645 941 712 qui
980 662 1066 710 per
1089 645 1242 694 vitam
1279 649 1337 697 de
1373 665 1422 698 se
1457 650 1521 698 ad
1557 650 1690 698 m'or-

304 729 410 764 tem
446 712 786 777 comparando
839 728 943 761 non
996 711 1261 779 cogitarit,
1312 713 1356 763 ei
1402 715 1572 765 mortis
1608 730 1693 763 ne-

305 779 539 830 cessitate
576 781 869 846 ingruente,
908 777 1008 829 Dei
1044 778 1314 828 meminisse
1341 795 1442 828 non
1461 794 1693 831 vacaret.

307 847 376 900 Hi
413 861 555 896 erant
590 845 708 895 boni
744 845 834 893 viri
870 860 1147 905 sermones,
1188 861 1289 894 non
1326 846 1486 895 hausti
1521 861 1583 896 ex
1618 846 1689 896 le-

304 913 506 976 ctione,
556 912 816 972 doctrinfi,
870 910 948 960 vel
994 911 1320 960 meditatione
1376 911 1556 975 studii3
1609 913 1693 962 sed

340 979 514 1045 ropriae
548 995 688 1029 sensu
725 977 1041 1042 experientiae
1079 978 1278 1027 dictati.
1317 980 1436 1028 Non
1489 994 1690 1042 parum,

339 1062 408 1095 aec
442 1059 702 1111 reputans,
739 1059 1064 1096 commoveor
1096 1044 1279 1095 incuria
1315 1044 1454 1093 simili
1507 1044 1690 1095 multo-

299 1129 407 1166 rum
443 1112 558 1162 vitae
609 1129 696 1162 usu
731 1111 870 1160 nobis
904 1112 960 1164 &
1007 1111 1226 1161 amicitiai
1261 1111 1390 1162 varie
1428 1123 1691 1174 notorum,

301 1195 426 1244 quos
462 1179 656 1230 differre
701 1177 886 1241 pariter
934 1176 1082 1226 video
1130 1180 1480 1228 executionem
1534 1178 1692 1228 bona-'-

298 1261 408 1297 rum
460 1244 849 1312 cogitationum,
904 1257 1287 1309 sanctorumque
1337 1243 1691 1297 desideriorum

299 1313 422 1362 Deo
457 1311 733 1370 serviendi,
771 1309 944 1376 quibus
980 1309 1167 1374 impelli
1203 1325 1252 1358 se
1286 1307 1532 1372 fatentur,
1585 1327 1688 1360 ma-

293 1377 443 1443 leque
479 1389 650 1427 metuo
689 1392 749 1425 ne
786 1389 976 1439 tempus
1031 1377 1086 1423 iis
1136 1393 1333 1441 quoque
1384 1376 1486 1426 tale
1522 1393 1688 1441 super-

294 1444 501 1504 veniat,
541 1460 639 1508 quo
677 1457 902 1507 tempore
953 1442 1118 1492 facere
1156 1443 1289 1507 quod
1360 1443 1691 1494 decreverant

294 1510 633 1562 ardentissime
670 1523 937 1574 optanteS,
976 1509 1106 1558 nulla
1142 1508 1336 1558 ratione
1373 1521 1616 1572 poterunt
1641 1545 1655 1557 .

361 1593 405 1647 3.
443 1579 560 1649 Qo
612 1576 689 1625 die
731 1576 1079 1639 Ulyssiponem
1133 1575 1444 1638 pervenimus
1498 1573 1688 1625 offendi

298 1643 598 1709 Magistrum
653 1642 902 1692 Simonem
957 1643 1005 1689 in
1060 1641 1418 1704 expectatione
1465 1655 1686 1691 accessus

295 1723 583 1775 quartanae,
621 1723 681 1757 ea
716 1708 817 1772 ipsa
852 1709 975 1757 horfi
1011 1719 1224 1769 statam,
1277 1721 1331 1756 ut
1382 1707 1682 1772 putabatur,

290 1775 508 1828 habituri
554 1775 791 1825 redeundi
842 1774 1035 1823 vicem:
1092 1776 1320 1824 caetertim
1375 1786 1518 1825 tanta
1572 1788 1684 1823 eum

295 1859 357 1892 cx
411 1842 626 1892 adventu
680 1857 793 1891 meo
848 1839 1022 1890 laetitia
1075 1840 1272 1890 incessit
1325 1841 1468 1907 (non
1526 1839 1686 1889 minor

296 1909 449 1958 credo
487 1925 632 1972 quam
669 1909 764 1972 qufi
818 1923 912 1973 ego
950 1923 1012 1957 ex
1049 1905 1149 1967 ejus
1184 1921 1385 1970 aspectu
1428 1905 1682 1970 amplexu-

289 1991 389 2040 que
425 1974 634 2024 affeetus
670 1976 809 2039 sum)
841 1986 895 2022 ut
919 1972 1209 2040 languorem
1235 1972 1537 2023 discusserit:
1567 1987 1684 2020 nam

292 2056 387 2091 nec
425 2057 486 2091 eo
540 2041 648 2100 die,
702 2056 793 2088 nec
845 2039 1078 2104 deinceps
1129 2039 1281 2089 ullum
1339 2037 1440 2099 eius
1489 2053 1682 2087 sensum

291 2106 493 2157 habuit.
528 2110 615 2157 Est
665 2119 829 2156 antem
867 2106 929 2154 ab
964 2105 1167 2170 appulsu
1222 2109 1314 2156 huc
1365 2115 1534 2154 nostro
1583 2101 1690 2163 iarn.

291 2174 468 2225 mensis
504 2174 764 2223 evolutus.
802 2175 979 2238 Itaque
1022 2174 1069 2221 in
1106 2172 1299 2237 plenam
1329 2170 1497 2219 vmodo
1545 2169 1682 2219 vale-

289 2239 513 2290 tudinem
567 2239 882 2289 confirmavit
936 2255 1021 2303 se;
1074 2239 1379 2303 multumque
1433 2236 1482 2285 in
1534 2235 1679 2289 vinea

290 2306 529 2365 Domini,
569 2323 666 2354 non
720 2306 822 2354 sine
857 2305 992 2354 uberi
1046 2304 1237 2364 fructu,
1283 2303 1509 2351 laborat.

350 2392 398 2443 4.
422 2375 636 2442 Magnus
656 2372 733 2424 hic
754 2387 979 2422 numerus
998 2371 1250 2422 hominum
1264 2383 1337 2422 est
1351 2369 1506 2420 amice
1525 2366 1678 2482 milwe-

532 2454 534 2456 ·
1433 2450 1562 2488 nevo
1585 2452 1613 2487 e
