1781 2889
367 207 463 260 2'50
600 193 650 242 S.
684 193 1055 243 FRANCISCI
1095 192 1389 244 XAVERH

366 291 446 341 26.
483 292 670 340 Mansit
706 290 926 339 Christus
965 289 1013 337 in
1050 288 1188 339 terris
1227 301 1490 353 postquam
1525 306 1682 341 resur-

298 358 430 408 rexit
466 360 493 405 a
533 357 736 404 mortuis
773 372 858 420 per
893 356 994 404 dies
1029 356 1395 419 quadr-auima-
1454 358 1682 422 duplici,
1682 391 1684 394 -

301 436 539 490 quantum
580 421 928 493 intelligitur,
984 421 1044 469 de
1097 425 1275 472 causa.
1327 422 1570 483 Primum,
1624 436 1681 472 ut

298 490 444 554 plane
479 488 796 551 persuaderet
833 485 1100 550 Discipulis
1135 503 1184 535 se
1219 490 1562 539 resurrexisse:
1598 489 1682 538 de-

301 557 414 605 inde
446 567 500 602 ut
535 569 619 603 eos
657 556 863 603 doceret
883 553 999 618 quid
1035 568 1180 619 agere
1216 555 1490 605 deberent-
1531 554 1685 606 Adeo

303 623 333 669 ii
372 620 561 669 turbiti
597 619 793 669 fuerant
830 592 1290 682 inexpectatissimo
1326 636 1512 672 eventu
1552 638 1682 670 mor-

302 688 365 738 tis
417 685 550 747 eius,
615 700 910 752 tantumque
964 686 1183 748 absorpti
1238 685 1441 737 tristitia
1503 704 1563 738 ex
1618 703 1726 736 eo*

303 752 620 804 acerbissimo
658 770 772 802 casu
812 753 976 826 nata,
1002 765 1055 801 ut
1090 753 1344 824 aegerrIme
1374 754 1682 803 adduceren-

303 835 382 870 tur
428 821 492 868 ad
540 820 840 870 credendam
892 818 1038 890 ipsius
1091 831 1537 893 resurrectionem,
1588 835 1683 868 nec

301 904 400 936 una
435 887 499 935 ad
536 885 582 934 id
627 886 852 936 alterave
889 884 1002 933 satis
1040 882 1173 933 foret
1207 885 1488 948 apparitio,
1540 903 1682 936 mora

304 970 426 1018 opus
464 965 603 1012 erat,
639 949 1053 1016 &multiplicatis
1090 967 1176 1013 per
1211 951 1420 1000 iteratos
1454 968 1685 1027 congres-

301 1037 375 1069 sus
415 1020 528 1069 vitae
567 1023 680 1068 vere
718 1032 974 1081 resumptae
1011 1017 1201 1066 indiciis
1239 1017 1682 1069 manifestissimis.

303 1090 418 1136 Hoc
455 1099 509 1134 ut
543 1086 792 1147 suaviter,
847 1086 904 1138 &
941 1084 1092 1132 modo
1130 1084 1405 1133 infirmitati
1459 1087 1684 1135 humanae

304 1153 690 1202 accommodato
749 1150 1121 1218 benignissimus
1176 1151 1421 1200 Dominus
1474 1164 1684 1218 ageret,

303 1218 652 1283 triumphalem
690 1218 740 1267 in
776 1222 948 1268 Coelos
986 1219 1255 1282 ingressum
1292 1233 1430 1266 suum
1477 1218 1686 1290 quadra-

303 1285 442 1352 ginta
480 1286 662 1334 dierum
699 1285 860 1349 spatio
898 1285 1120 1344 distulit,
1159 1282 1337 1332 crebris
1373 1284 1570 1334 interim
1595 1284 1687 1333 Di-

303 1350 514 1413 scipulos
554 1352 858 1400 sermonibus
895 1352 1145 1408 erudiens,
1189 1350 1303 1412 quid
1324 1351 1521 1400 credere
1559 1350 1685 1414 ipsi,

309 1419 493 1482 quidve
530 1414 725 1478 facere,
779 1417 893 1482 quid
939 1420 1126 1466 Gentes
1163 1415 1341 1464 deinde
1390 1433 1561 1466 omnes
1597 1417 1685 1465 do-

305 1500 447 1545 cere,
496 1485 709 1548 quilque
760 1484 994 1547 persuasis
1043 1484 1101 1531 de
1155 1482 1250 1529 do
1223 1494 1420 1547 mate,
1475 1498 1685 1546 operan-

305 1551 418 1599 dum
457 1551 777 1623 praescribere
803 1562 1094 1611 oporteret3
1146 1561 1200 1595 ut
1249 1561 1350 1595 tam
1398 1549 1483 1610 ipsi
1539 1553 1685 1612 quam

306 1617 467 1665 caeteri
507 1616 730 1664 homines
769 1615 983 1677 ipsorum
1034 1588 1385 1677 pr’raelicatione
1421 1616 1686 1675 credituri,

303 1683 560 1746 pervenire
597 1684 657 1730 ad
704 1684 931 1748 Regnum
974 1680 1226 1729 Coelorum
1265 1695 1497 1743 possent,
1532 1682 1589 1734 δε
1624 1686 1689 1732 eo

303 1765 354 1799 se
390 1764 733 1813 praecessurum
770 1764 858 1796 suo
896 1760 1121 1810 tempore
1157 1745 1415 1810 subsequi.

372 1832 448 1877 27.
485 1819 1079 1892 Consecutusutrumque
1117 1813 1249 1876 quod
1288 1825 1588 1875 optaverat,
1626 1812 1685 1865 δε

304 1884 413 1932 cuni
449 1881 614 1940 ejecta
651 1880 787 1930 omni
839 1884 1034 1943 penitus
1072 1896 1131 1927 ex
1171 1892 1464 1927 cunctorum
1524 1878 1685 1929 Disci-

303 1949 530 2020 puloruin
568 1948 814 1997 mentibus
851 1945 1166 2018 dubitatione
1205 1947 1263 1993 de
1320 1959 1481 1995 morte
1517 1962 1574 1994 ac
1610 1960 1684 1993 re-

302 2029 608 2064 surrectione
645 2014 791 2077 ipsius
832 2011 1062 2062 verissimi
1100 2011 1197 2060 Dei
1252 2010 1359 2060 Filii
1395 2027 1452 2061 ac
1509 2010 1682 2061 Salva-

304 2082 424 2130 toris
462 2080 744 2141 hominum,
792 2092 894 2128 tum
933 2080 1049 2128 satis
1096 2077 1320 2126 omnibus
1378 2078 1570 2127 edoctis
1625 2077 1686 2127 de

305 2149 487 2214 Regno
527 2147 652 2197 Dei.
693 2149 787 2196 hoc
825 2158 899 2194 est
935 2148 994 2195 de
1016 2144 1236 2195 Ecclesia
1273 2142 1559 2203 fundanda,
1597 2143 1682 2192 de-

305 2230 399 2278 que
455 2214 563 2277 ipsis
601 2201 916 2294 dogmatibus
954 2211 1230 2270 tradendis,
1269 2222 1370 2259 tum
1408 2210 1468 2259 de
1508 2212 1684 2259 Sacra-

302 2280 481 2330 mentis
534 2282 592 2332 &
636 2279 817 2330 caetera
871 2276 1154 2328 Christiana
1208 2276 1388 2338 ubique
1441 2289 1685 2326 terrarum

302 2363 389 2411 per
423 2344 697 2412 Apostolos
733 2344 1039 2396 instituenda
1076 2340 1361 2408 disciplina,
1400 2357 1597 2391 causam
1635 2341 1686 2391 in

1524 2421 1622 2459 ter-
