1781 2889
358 216 423 266 92
523 214 528 220 ·
593 202 641 250 S.
676 201 1050 252 FRANCISCI
1084 197 1380 251 XAVERII
1411 276 1414 277 γ

295 315 467 352 verum
504 313 607 347 esse
643 299 895 362 profiteri,
947 295 1080 356 cujus
1118 295 1251 362 leges
1288 294 1424 345 omni
1461 311 1524 355 ex
1560 309 1672 362 patg-

298 382 350 419 te
381 378 716 433 congruerent
750 365 935 414 rationi
955 401 967 412 .
1002 366 1270 430 Rogarunt
1300 363 1681 421 deinde'qNum

299 440 483 487 animus
520 433 772 492 hominum,
809 437 943 490 item,
965 443 1018 479 ut
1051 444 1299 479 ceterorum
1336 434 1644 486 animantium
1665 463 1679 490 ,

298 502 437 551 simul
484 517 582 546 cum
637 514 817 561 corpore
864 500 1104 544 interiret.
1159 497 1506 557 suppeditavit
1563 495 1683 555 mihi

304 566 488 617 DEUS
531 563 654 612 tales
702 563 956 622 rationeS,
993 563 1199 625 tamque
1235 561 1430 611 illorum
1467 564 1683 620 sensibus

302 631 689 688 accomodata-S,
738 644 793 679 ut
830 631 898 678 eis
933 626 1166 694 singulari
1200 625 1429 690 ipsorum·
1452 631 1685 678 volunta-

302 713 354 748 te
391 696 537 760 plane
586 698 844 760 probarem
897 692 1330 743 immortalitatem
1382 695 1714 746 animorum.>

303 771 612 830 Argumenta
661 762 859 828 utique,
914 760 1088 826 quibus
1123 759 1293 808 idiotae
1328 759 1409 809 isti
1462 763 1687 812 homines

307 829 643 882 convincendi
677 843 813 889 sunt,
846 842 1160 895 nequaquam
1181 825 1378 876 subtilia
1413 840 1517 878 esse
1535 845 1682 893 opor·

304 912 405 958 tet,
465 894 739 955 cujusmodi
777 895 1083 958 reperiuntur
1121 892 1171 940 in
1219 892 1504 954 doctorum,
1533 896 1691 944 homi..

307 980 425 1014 num
461 962 614 1023 libris,
666 963 750 1012 sed
801 961 1014 1025 ipsorum
1065 956 1274 1026 ingeniis
1322 974 1694 1011 consentanea.

309 1028 560 1081 Sciscitari
595 1041 707 1077 sunt
743 1043 927 1088 rursus,
965 1028 1058 1094 qulz
1096 1029 1330 1075 morientis
1374 1033 1556 1078 animus
1592 1032 1694 1078 exi-

309 1113 404 1148 ret:
447 1095 737 1163 quffieret?
772 1109 822 1144 ut
868 1099 913 1141 in
948 1097 1115 1142 somnis
1151 1087 1242 1164 (ld
1279 1093 1413 1156 quod
1451 1093 1568 1143 mihi
1604 1094 1694 1159 ipsi

309 1175 436 1226 saepe
488 1178 572 1210 usu
628 1161 796 1220 venit,
854 1162 1042 1209 Fratres
1095 1158 1398 1221 charissimi,
1437 1163 1556 1209 'crim
1607 1175 1696 1212 vos

310 1229 548 1293 somnio)
589 1246 686 1276 cum
723 1231 884 1275 amicis
919 1228 1133 1292 notrisque
1201 1231 1387 1278 versari
1439 1229 1565 1276 nohis·
1618 1231 1698 1276 vi-

314 1296 554 1345 deamur?
611 1296 739 1340 Num
778 1298 889 1358 'qnia
924 1298 1107 1341 animus
1161 1295 1332 1342 exiliat
1387 1296 1410 1340 ἑ
1471 1295 1697 1358 corpore?

318 1361 557 1425 Denique
582 1361 717 1407 albus
754 1379 836 1419 ne,
877 1375 938 1406 an
975 1372 1077 1406 ater
1114 1363 1175 1407 sit
1213 1357 1547 1412 Deus-.-Nam
1584 1363 1698 1409 ct‘lm

316 1442 460 1478 tanta
497 1440 727 1474 cernatur
760 1425 808 1472 in
864 1424 1142 1475 hominibus
1179 1424 1404 1475 colorum
1454 1426 1700 1487 varietas,

320 1493 426 1545 Indi
465 1498 681 1556 (utpote
720 1492 799 1556 qui
823 1491 1001 1540 natura
1039 1489 1187 1556 nigri,
1225 1507 1364 1540 suum
1392 1492 1579 1541 caeteris
1614 1508 1700 1541 an-

322 1573 573 1624 teponunt
630 1557 890 1623 colorem)
937 1560 1077 1607 Deos
1132 1570 1265 1606 atros
1302 1572 1406 1606 esse
1457 1559 1702 1624 arbitran-

321 1641 433 1675 tur.
470 1624 722 1690 Quocirca
757 1623 993 1687 pleraque
1031 1637 1200 1672 eorum
1234 1621 1493 1672 simulacra
1529 1626 1700 1675 admo-

323 1696 437 1742 dum
475 1706 584 1741 atra
617 1702 760 1750 sunt,
812 1703 867 1738 ut
903 1689 1107 1738 subinde
1143 1702 1382 1755 peruncta
1418 1688 1538 1742 oleo
1590 1708 1700 1759 gra·
1776 1730 1778 1732 -

323 1775 436 1810 vem
491 1760 660 1807 halent
711 1756 952 1805 odorem:
1008 1756 1138 1805 adeo
1175 1768 1229 1806 ut
1278 1772 1382 1805 non
1419 1758 1574 1808 mimis
1626 1772 1700 1808 te-

323 1839 450 1876 tram
485 1824 696 1889 speciem
743 1819 1038 1886 praeferant,
1087 1826 1231 1888 quam
1270 1821 1458 1872 foedam
1495 1826 1553 1878 &
1587 1825 1700 1874 hor-

323 1892 562 1942 rendam.
600 1891 676 1939 Ad
713 1889 815 1938 haec
852 1906 946 1956 ego
983 1890 1052 1938 ita
1089 1889 1156 1938 eis
1193 1890 1453 1954 respondi,
1508 1904 1563 1940 ut
1596 1890 1700 1954 pla·

322 1962 382 2009 n'e
436 1956 840 2022 acquiescerent.
890 1957 1071 2006 Veriim
1123 1955 1317 2024 urgenti
1352 1957 1469 2006 mihi
1505 1956 1566 2005 ad
1619 1973 1703 2006 ex-

324 2039 568 2083 tremum,
616 2036 670 2072 ut
716 2022 1140 2085 amplecterentur
1184 2021 1503 2088 religionem,
1558 2037 1703 2087 quam

325 2108 494 2142 veram
539 2105 641 2140 esse
676 2090 952 2150 sentirent3
991 2090 1317 2151 opponebant
1351 2088 1426 2150 id,
1463 2090 1595 2154 quod
1634 2092 1705 2139 in·-

323 2171 401 2209 ter
439 2156 746 2208 Christianos
784 2171 981 2221 quoqne
1018 2155 1156 2204 multi
1193 2155 1382 2216 solent,
1421 2169 1706 2206 sermonum

327 2227 586 2276 materiam
623 2223 898 2272 horninibus
936 2239 986 2270 se
1033 2223 1264 2282 daturOS,
1311 2219 1346 2268 si
1384 2220 1498 2270 vitae
1551 2225 1704 2274 rat-io-

327 2308 438 2344 nem
473 2291 859 2355 religionemque
897 2300 1193 2345 mutassent,
1246 2284 1383 2336 simul
1436 2291 1705 2339 verendum

329 2376 432 2409 esse
470 2351 738 2417 dicebant,
794 2372 854 2405 ne
891 2357 949 2404 ad
991 2356 1176 2404 victum
1212 2352 1501 2420 cultiimque
1537 2371 1704 2408 neces-

332 2428 457 2475 saria
475 2425 562 2474 sibi
585 2425 810 2474 deessent
833 2420 1069 2489 religione
1091 2432 1280 2469 mutata
1296 2457 1306 2469 .
1452 2438 1526 2473 12.
1569 2424 1637 2473 U-
