1781 2889
305 248 371 298 70
556 230 608 279 S.
642 226 1015 277 FRANCISCI
1053 224 1351 276 XAVERH

244 325 429 392 legium
467 323 783 392 migrabunt.
821 327 1015 373 Horum
1055 325 1278 390 plerique
1330 324 1496 392 legere
1549 337 1640 372 no·

246 406 391 451 runt,
449 392 724 455 complures
779 390 931 440 etiam
965 393 1209 452 scribere,
1264 391 1381 440 satis
1418 387 1641 455 praeculti

245 461 308 506 ad
341 458 796 509 Grammaticorum
833 471 1077 520 praecepta
1134 458 1469 522 capessenda.
1522 459 1640 505 Hoc

243 532 307 574 eo
343 525 543 583 scribo,
582 538 637 572 ut
684 522 888 571 idoneus
936 525 1164 572 mittatur
1218 524 1450 591 magister
1501 522 1645 571 litte-

243 607 434 649 rarum,
473 590 548 638 cui
589 588 790 653 quidem
827 587 875 636 in
912 604 999 638 suo
1036 606 1239 639 munere
1275 591 1508 642 obeundo
1562 601 1641 638 sat

245 657 438 723 negotii
476 657 539 705 sit
574 654 795 704 futurum
819 691 831 703 .

310 726 358 774 6.
395 726 469 772 Ex
507 738 679 771 eorum
716 737 952 781 numero,
1008 737 1130 787 quos
1181 719 1362 772 isthinc
1409 733 1642 786 expecta-

246 807 383 850 mus,
422 792 608 838 Praetor
641 789 1071 838 Concionatorem
1109 787 1320 852 aliquem
1371 801 1520 852 optat
1570 804 1644 837 es-

246 873 329 917 se,
369 857 451 920 qui
489 857 550 905 de
573 855 732 903 'sacris
772 855 973 904 Litteris
997 855 1215 919 aliquid,
1253 868 1340 904 aut
1376 855 1435 904 de
1473 857 1644 904 Sacra-

245 938 425 972 mentis
444 921 797 986 explanando,
837 922 1133 972 Sacerdotes
1172 921 1456 971 necessariis
1503 920 1648 970 rebus

248 993 452 1056 (neque
490 990 622 1038 enim
673 988 774 1037 fere
829 988 912 1054 qui
966 989 1058 1036 huc
1098 989 1330 1048 veniunt,
1385 987 1644 1036 abundant

249 1056 521 1123 doctrina)
562 1057 804 1105 instruat:
845 1055 1116 1120 eademque
1155 1057 1306 1119 opera
1341 1056 1402 1104 ad
1443 1055 1562 1103 DEI
1595 1069 1647 1101 a·

247 1140 470 1184 morem,
509 1123 862 1185 hominumque
898 1120 1334 1171 conservationem
1389 1118 1646 1184 impellat3

246 1194 395 1255 idque
435 1207 533 1238 non
587 1189 817 1238 doctrina
870 1191 1024 1254 magiS
1073 1191 1219 1253 quam
1271 1187 1535 1250 exemplo*
1574 1185 1646 1235 Si-

250 1258 479 1321 quidem,
521 1257 654 1320 quod
688 1268 741 1305 te
777 1270 879 1303 non
932 1254 1083 1321 fugit,
1135 1255 1196 1303 ad
1251 1253 1646 1318 persuadendum

251 1326 387 1374 facta
426 1324 570 1372 dictis
607 1336 722 1372 sunt
758 1321 986 1384 potiora.
1013 1320 1255 1385 Reliquos
1281 1334 1447 1371 autem
1486 1318 1650 1369 socios

251 1392 375 1441 tales
413 1390 688 1448 desiderat,
726 1385 803 1451 qui
844 1387 892 1436 in
929 1387 1325 1438 confessionibus
1362 1385 1646 1446 audiendis,

253 1457 584 1507 Sacramentis
623 1455 984 1515 ministrandis,
1022 1454 1373 1504 convertendis
1427 1451 1650 1504 Ethnicis

256 1532 460 1588 operam
512 1523 685 1572 sedulo
731 1519 988 1571 collocent
1021 1537 1195 1572 suam:
1231 1521 1412 1585 quippe
1459 1519 1509 1566 in
1558 1519 1654 1567 hac

255 1590 411 1639 insula
447 1606 508 1639 ex
548 1588 820 1637 infidelium
857 1588 1187 1637 conversione
1223 1587 1409 1637 fructus
1462 1583 1652 1651 percipi

252 1671 425 1723 potest
461 1655 754 1704 uberrimus.
791 1653 1087 1717 Complures
1123 1654 1255 1704 enim
1293 1668 1464 1704 eorum
1517 1650 1655 1701 omni

255 1740 351 1788 ope
388 1722 615 1772 destituti
654 1722 701 1768 in
739 1721 1099 1782 superstitionis
1134 1721 1352 1788 caligine
1401 1736 1459 1769 ac
1512 1730 1652 1768 tene-

255 1792 349 1839 bris
386 1788 579 1850 jacent,
637 1788 924 1837 Conditoris
978 1805 1036 1836 ac
1083 1789 1289 1837 Domini
1344 1787 1416 1836 sui
1454 1784 1650 1850 penitus

254 1855 440 1924 ignari.
478 1858 654 1920 Itaque
693 1855 987 1904 Sacerdotes
1024 1866 1532 1919 treS,praecept0rem
1570 1850 1649 1899 lit-

255 1936 472 1974 terarum
507 1938 657 1970 unum
692 1921 869 1970 isthinc
923 1923 1107 1971 Praetor
1159 1933 1425 1986 expectat.
1474 1915 1654 1968 Scribit

258 1991 409 2040 etiam
448 1989 508 2037 ad
545 1991 739 2054 Regem
778 1987 857 2050 (si
894 1991 1032 2038 recte
1070 1989 1304 2057 memini)
1343 2001 1397 2038 ut
1447 1990 1475 2036 ὲ
1526 1987 1651 2035 Pon-

259 2058 393 2107 tilice
430 2067 646 2121 quatuor
684 2056 746 2104 de
786 2054 1046 2105 Societate
1086 2070 1257 2106 nostra
1295 2051 1547 2119 postulet:
1575 2049 1656 2099 In-

259 2123 540 2190 dulgentias
592 2121 713 2171 item
769 2134 928 2170 certas
984 2134 1157 2185 petat,
1196 2138 1315 2188 quas
1352 2121 1400 2169 in
1438 2116 1649 2181 epistola

258 2190 540 2256 perscribo,
578 2189 650 2237 uti
688 2204 774 2252 per
811 2190 1004 2254 Regem
1042 2188 1331 2252 impetratas
1370 2185 1519 2234 iidem
1556 2186 1647 2232 So-

262 2257 351 2317 cii,
391 2257 470 2322 qui
506 2255 687 2304 isthinc
741 2254 940 2304 venturi
994 2268 1137 2313 sunt,
1194 2250 1445 2318 perferant
1483 2251 1533 2298 in
1572 2253 1652 2300 In-

263 2325 426 2373 diam.
467 2323 545 2372 Sic
583 2336 753 2371 autem
791 2320 878 2370 tibi
916 2322 1212 2384 persuadeas
1251 2318 1431 2377 velim,
1472 2319 1561 2366 hac
1595 2327 1650 2367 're

262 2392 371 2441 illos
409 2389 661 2450 omnium,
717 2400 970 2453 quotquot
1023 2387 1069 2435 in
1122 2386 1259 2437 India
1313 2398 1426 2434 sunt
1463 2384 1655 2434 Lusita-

1504 2468 1594 2500 no-
