1781 2889
319 215 389 262 00
555 208 606 255 S.
640 204 1017 256 FRANCISCI
1053 200 1352 254 XAVERII

259 327 366 361 rum
403 322 535 358 terra
569 302 897 370 Evangelium
935 312 1066 350 serat
1101 316 1271 348 suum:
1311 302 1423 349 cum
1457 314 1659 364 praeser.

262 379 351 426 tim
389 375 426 424 si
462 372 624 422 inutili
661 368 997 418 homuncione
1033 367 1097 414 ad
1133 379 1329 416 tantum
1384 382 1506 430 opus
1550 380 1662 416 uta-

266 458 379 503 tur,
417 457 476 489 ea
514 454 589 488 res
625 438 681 487 &
720 435 834 484 viris
871 433 932 481 ad
969 447 1173 499 magnas
1225 449 1298 482 res
1347 433 1474 483 natis
1510 434 1661 493 dede·

266 509 373 559 cori
411 503 576 555 futura
612 503 709 561 sit,
748 502 804 552 δε
840 499 1001 561 pusilli
1038 499 1191 547 animi
1227 500 1504 549 hominibus
1541 499 1666 549 inci*-

271 586 538 626 tamento:
577 568 759 634 quippe
795 567 904 613 cum
946 564 1152 612 videant
1187 581 1295 627 me,
1331 567 1538 631 quisum
1561 564 1667 629 pule

271 643 343 689 vis
379 639 436 690 δε
472 636 627 695 cinis,
680 635 736 684 δε
787 630 1005 680 omnium
1055 629 1435 694 perditissimus,
1483 645 1669 682 testem

274 721 378 758 esse
416 701 675 752 oculatum
712 715 907 747 summae
930 730 942 756 ‚
965 713 1070 761 quae
1108 695 1171 743 ibi
1209 697 1671 762 est‚0perariomm

276 771 521 839 penuriae.
556 766 803 831 Equidem
840 765 1054 812 libenter
1089 777 1282 811 servum
1329 779 1407 813 me
1459 766 1508 812 in
1563 780 1671 830 per·

278 853 484 905 petuum
522 834 751 883 addicam
789 830 873 891 iis,
912 829 995 894 qui
1032 830 1127 878 huc
1163 826 1380 892 profecti
1398 845 1532 878 suam
1554 847 1674 894 ope-

280 922 384 956 ram
422 900 696 952 communis
717 895 922 948 Domini
962 894 1116 944 vineae
1155 895 1472 956 addixerint.
1497 899 1677 962 Itaque

283 974 434 1023 finem
471 968 654 1018 faciam
689 963 932 1014 scribendi
971 961 1178 1012 DEUM
1199 962 1489 1025 obtestanS,
1513 976 1569 1013 ut
1589 976 1680 1027 pro

283 1054 370 1088 frua
406 1038 643 1085 immensa
680 1027 1013 1081 misericordia
1050 1044 1140 1076 nos
1175 1029 1237 1077 ad
1271 1045 1408 1079 suam
1455 1029 1680 1095 aliquan-

286 1109 353 1155 do
392 1102 692 1153 felicitatem
728 1110 1002 1166 aggreget,
1039 1096 1101 1142 ad
1139 1111 1286 1159 quam
1322 1094 1447 1145 facti
1483 1110 1684 1156 sumus·,

286 1175 343 1224 ὅ(
380 1169 520 1218 simul
557 1168 608 1215 in
643 1168 737 1215 hac
792 1162 896 1212 vita
950 1162 1077 1210 vires
1126 1161 1267 1214 nobis
1313 1174 1529 1229 augeat,
1579 1166 1683 1229 quo

289 1237 510 1286 sedulam
546 1233 652 1294 illi,
687 1235 743 1280 ut
777 1246 864 1294 par
899 1241 1004 1287 est,
1056 1242 1301 1278 navantes
1348 1243 1584 1292 operam,
1621 1227 1684 1276 ad

288 1302 392 1359 eius
431 1312 604 1351 nutum
641 1298 698 1350 δε
734 1296 1047 1347 voluntatem
1068 1307 1206 1344 totos
1228 1311 1315 1343 nos
1334 1309 1687 1360 usquequaque

292 1366 696 1418 conformemus,
759 1363 977 1412 Valere.
1038 1362 1162 1410 XII.
1220 1360 1430 1412 Kalend.
1497 1359 1691 1413 Octob.

294 1434 430 1489 Anni
469 1431 754 1483 MDXLII.
786 1431 928 1479 Goae.

434 1566 613 1615 Vester
647 1562 834 1612 inutilis
870 1562 1040 1610 Frater
1073 1559 1124 1609 in
1159 1558 1357 1611 Christo

1001 1677 1277 1743 Franciscus
1310 1693 1367 1743 de
1404 1695 1630 1745 Xavier.

623 1829 663 1881 Ε
698 1827 735 1878 P
769 1828 791 1878 I
829 1825 860 1877 S
900 1826 942 1875 T
977 1827 1027 1877 O
1064 1828 1101 1876 L
1139 1829 1184 1876 A
1253 1827 1306 1876 X
1342 1825 1387 1875 Ῐ.

675 1955 728 2009 Ρ.
766 1960 840 2009 M.
876 1958 1081 2029 Ignatio
1119 1956 1333 2020 Lojolae.

313 2100 478 2148 Minio
524 2098 893 2144 comm-mensis.-
942 2109 1094 2159 pagus·
1130 2113 1191 2143 ex
1230 2097 1395 2143 itinere
1439 2092 1704 2153 lustratus,

381 2165 599 2214 Praetoris
634 2163 868 2219 victoria,
907 2164 958 2210 &
994 2163 1228 2226 religionis
1262 2160 1467 2209 studiant
1514 2158 1707 2222 dignum

385 2232 620 2293 Pontificis
655 2231 866 2278 Maximi
903 2230 954 2277 ὠ·
994 2232 1175 2295 Ignatii
1224 2226 1481 2286 laudibus,
1534 2229 1707 2274 sacris·

384 2318 469 2364 que
510 2299 752 2347 societatis
787 2297 1028 2360 precibus.

1516 2427 1642 2474 Gra-
