1781 2889
256 178 780 239 EPISTOLARUM.
817 178 924 228 Lib.
957 182 998 228 ι.
1033 180 1119 244 Ep.
1155 181 1221 228 x.
1320 198 1375 251 53

57 292 242 342 paucos
275 273 573 324 substitimus
609 273 739 324 dies:
771 275 851 324 hic
886 274 1107 326 Lusitani
1142 288 1446 324 mercatores

59 344 345 407 plerumque
380 351 671 404 versantur3
708 356 917 406 quorum
966 342 1003 389 si
1040 341 1122 407 qui
1174 340 1305 392 forte
1352 338 1445 389 ibi-

56 411 168 457 dem
205 405 448 456 excedunt
480 409 506 456 e
544 406 681 467 vita,
730 408 920 474 magnis
969 407 1233 457 humantur
1281 417 1446 458 tunm-v

55 473 144 535 lis,
179 472 258 538 qui
294 472 466 534 passim
503 473 727 521 crucibus
780 473 993 540 insignes
1029 473 1275 523 visuntur.
1327 473 1447 522 Pro-

60 554 171 603 pter
206 536 373 586 urbem
413 538 630 586 Lusitani
669 538 923 606 ingentem
973 541 1000 588 ὲ
1036 554 1157 588 saxo
1211 540 1447 587 inaurato

57 604 532 670 pulcherrimamque
580 617 859 655 statuerant
910 620 1142 654 crucem.
1193 604 1310 655 Dici
1360 603 1448 652 vix

59 682 250 734 potest,
286 683 525 733 quantum
563 686 622 720 ex
674 687 734 720 eo
789 683 992 734 aspectu
1038 672 1252 734 ceperim
1307 668 1448 720 volu—

59 736 237 800 ptatis.
286 736 573 798 Apparebat
609 737 740 785 enim
776 736 848 786 vis
885 735 1074 797 crucis,
1111 753 1218 800 quae
1254 737 1304 784 in
1340 748 1443 784 me-

60 802 142 850 dia
180 805 543 852 Saracenorum
578 801 769 851 ditione
807 801 986 851 victrix
1021 803 1287 851 emineret.

125 869 174 918 6.
215 867 533 917 Melindanus
587 870 698 917 Rex
751 867 800 914 in
853 868 1020 916 navim
1073 869 1135 917 ad
1183 869 1453 921 Praetorem

58 934 209 985 indiae
263 932 510 982 salutandi
554 937 702 983 causa
753 933 919 993 venit,
973 936 1184 998 eumque
1237 933 1452 998 benigne

61 999 315 1063 amiceque
352 998 580 1063 excepit.
618 997 851 1048 Melindae
886 1001 999 1047 curn
1034 1015 1222 1059 essem,
1275 997 1451 1048 funere

63 1066 224 1114 elatus
260 1079 334 1114 est
368 1066 598 1128 quidam,
645 1062 726 1127 qui
762 1063 812 1110 in
848 1074 1018 1113 nostra
1073 1065 1188 1114 navi
1238 1077 1454 1113 mortem

64 1131 296 1180 obierat.-
349 1131 395 1179 ei
447 1129 575 1190 justa
625 1128 719 1177 rite
771 1130 1028 1192 persoluta
1073 1142 1216 1190 sunt,
1271 1145 1454 1194 magna

61 1212 174 1244 cum
210 1198 569 1246 Saracenorum
606 1193 995 1258 approbatione,
1038 1195 1326 1245 mirantium
1362 1211 1454 1244 no·-

62 1276 213 1312 5tram
249 1262 506 1324 sepulturae
543 1260 964 1325 exequiart‘imque
999 1261 1247 1311 rationem
1275 1299 1286 1310 .

135 1346 181 1394 7.
218 1329 488 1378 Saracenas
514 1325 816 1377 Melindanae
854 1327 1071 1378 civitatis
1097 1328 1355 1393 primarius
1393 1340 1456 1374 ex

68 1407 147 1442 me
183 1408 501 1457 percontatus
539 1405 645 1452 est,
681 1408 795 1442 num
833 1395 1049 1456 templa,
1104 1394 1189 1443 ubi
1237 1409 1325 1443 nos
1379 1408 1457 1440 soe

66 1459 222 1508 lemus
258 1476 426 1521 orare,
462 1458 852 1509 Christianorum
906 1458 1189 1526 frequentia
1236 1457 1458 1510 celebra-

74 1538 272 1586 rentur3
310 1528 367 1578 ὅτ
403 1529 548 1592 quam
583 1523 763 1574 fervidi
798 1525 1073 1592 assiduique
1109 1526 1260 1576 iidem
1297 1534 1462 1575 essent

75 1590 124 1637 in
179 1591 382 1641 Christo
436 1592 678 1641 colendo.
731 1588 916 1649 Aiebat
966 1592 1098 1642 enim
1151 1593 1280 1655 apud
1332 1591 1463 1654 ipsos

69 1656 351 1714 jamdudum
387 1656 633 1706 refrixisse
680 1657 947 1717 pietatem:
1003 1657 1235 1722 quocirca
1280 1669 1466 1720 cupere

74 1737 126 1770 se
161 1722 317 1781 scire,
353 1722 547 1772 ide‘mne
583 1722 875 1771 Christianis
912 1723 1191 1772 hominibus
1235 1720 1467 1771 usuveni-

76 1800 182 1836 ret.
217 1788 421 1857 Qiippe
457 1804 519 1838 ex
554 1789 907 1850 septemdecim
944 1787 1099 1850 fanis,
1136 1806 1241 1856 quae
1283 1787 1467 1838 Melin-

77 1854 149 1901 dae
185 1867 378 1912 essent,
416 1855 512 1903 tria
568 1853 855 1916 dumtaxat,
910 1859 1069 1920 eaque
1104 1857 1133 1904 a
1168 1855 1339 1921 paucis
1383 1853 1468 1902 ad-

81 1919 283 1968 modum
337 1917 647 1985 frequentari
681 1958 693 1969 .
756 1922 933 1986 Itaque
991 1924 1142 1971 homo
1196 1934 1305 1971 erat
1352 1923 1468 1969 san‘e

52 1986 440 2052 conturbatus,
478 1985 826 2052 merebarque,
862 1988 993 2051 quod
1027 1988 1306 2054 ignoraret,
1355 1984 1471 2050 quid

81 2052 286 2100 tandem
324 2067 484 2100 causae
523 2064 680 2112 esset,
717 2068 801 2101 cur
845 2068 1040 2101 suorum
1094 2055 1250 2117 pietas
1302 2051 1472 2100 interi-

83 2130 186 2166 ret.
225 2117 473 2166 Nimirum
511 2131 704 2166 tantum
742 2117 858 2166 mali
895 2119 1093 2168 dicebat
1140 2135 1240 2169 non
1278 2118 1364 2167 nisi
1411 2134 1473 2167 ex

54 2180 58 2184 ’
85 2181 281 2232 nefario
313 2183 482 2249 aliquo
514 2183 726 2247 ipsorum
759 2184 942 2234 scelere
971 2198 1142 2233 natum
1173 2200 1274 2233 esse
1297 2221 1308 2232 .
1342 2183 1472 2235 Mul-

83 2247 144 2296 tis
181 2251 338 2298 verbis
393 2264 535 2303 super
585 2264 642 2298 ea
697 2264 748 2300 re
802 2250 936 2299 ultro
987 2250 1212 2314 citroque
1266 2251 1472 2309 habitis,

84 2313 215 2377 dixi,
256 2316 498 2376 DEUM>
536 2316 720 2381 quippe
775 2316 858 2381 qui
912 2316 1217 2367 fidelissimus
1271 2317 1364 2376 sit,
1397 2317 1474 2366 ,ab

722 2383 770 2429 D
811 2398 833 2449 g
1302 2384 1409 2433 infi-
