<?xml version="1.0" encoding="UTF-8"?>
<!DOCTYPE html PUBLIC "-//W3C//DTD XHTML 1.0 Transitional//EN"
    "http://www.w3.org/TR/xhtml1/DTD/xhtml1-transitional.dtd">
<html xmlns="http://www.w3.org/1999/xhtml" xml:lang="en" lang="en">
 <head>
  <title>
</title>
<meta http-equiv="Content-Type" content="text/html;charset=utf-8" />
  <meta name='ocr-system' content='tesseract 3.04.00' />
  <meta name='ocr-capabilities' content='ocr_page ocr_carea ocr_par ocr_line ocrx_word'/>
</head>
<body>
  <div class='ocr_page' id='page_1' title='image "./sfranciscixaveri01fran_0408.png"; bbox 0 0 1781 2889; ppageno 0'>
   <div class='ocr_carea' id='block_1_1' title="bbox 363 208 1368 276">
    <p class='ocr_par' dir='ltr' id='par_1_1' title="bbox 363 208 1368 276">
     <span class='ocr_line' id='line_1_1' title="bbox 363 208 1368 276; baseline -0.004 -13"><span class='ocrx_word' id='word_1_1' title='bbox 363 222 458 276; x_wconf 81' lang='lat'>252</span> <span class='ocrx_word' id='word_1_2' title='bbox 568 208 642 259; x_wconf 85' lang='lat' dir='ltr'>s</span> <span class='ocrx_word' id='word_1_3' title='bbox 673 208 1036 262; x_wconf 70' lang='lat' dir='ltr'>FRANCISCI</span> <span class='ocrx_word' id='word_1_4' title='bbox 1073 210 1368 262; x_wconf 73' lang='lat' dir='ltr'>XAVERH</span> 
     </span>
    </p>
   </div>
   <div class='ocr_carea' id='block_1_2' title="bbox 305 304 1758 2492">
    <p class='ocr_par' dir='ltr' id='par_1_2' title="bbox 305 304 1758 1286">
     <span class='ocr_line' id='line_1_2' title="bbox 305 304 1693 379; baseline -0.001 -22"><span class='ocrx_word' id='word_1_5' title='bbox 305 320 511 357; x_wconf 82' lang='lat' dir='ltr'>ascensu</span> <span class='ocrx_word' id='word_1_6' title='bbox 549 304 895 354; x_wconf 85' lang='lat' dir='ltr'>denuntiatum</span> <span class='ocrx_word' id='word_1_7' title='bbox 933 319 1019 366; x_wconf 89' lang='lat' dir='ltr'>per</span> <span class='ocrx_word' id='word_1_8' title='bbox 1040 304 1260 379; x_wconf 83' lang='lat' dir='ltr'>Angelos</span> <span class='ocrx_word' id='word_1_9' title='bbox 1300 319 1410 354; x_wconf 83' lang='lat' dir='ltr'>est.</span> <span class='ocrx_word' id='word_1_10' title='bbox 1447 308 1493 356; x_wconf 87' lang='lat' dir='ltr'>Is</span> <span class='ocrx_word' id='word_1_11' title='bbox 1528 304 1693 355; x_wconf 87' lang='lat' dir='ltr'>forum</span> 
     </span>
     <span class='ocr_line' id='line_1_3' title="bbox 305 369 1693 444; baseline 0.001 -25"><span class='ocrx_word' id='word_1_12' title='bbox 305 373 524 437; x_wconf 77' lang='lat' dir='ltr'>aperiet,</span> <span class='ocrx_word' id='word_1_13' title='bbox 565 373 611 419; x_wconf 90' lang='lat' dir='ltr'>in</span> <span class='ocrx_word' id='word_1_14' title='bbox 650 386 748 434; x_wconf 90' lang='lat' dir='ltr'>quo</span> <span class='ocrx_word' id='word_1_15' title='bbox 785 369 1000 419; x_wconf 86' lang='lat' dir='ltr'>universi</span> <span class='ocrx_word' id='word_1_16' title='bbox 1039 386 1120 434; x_wconf 81' lang='lat' dir='ltr'>qui</span> <span class='ocrx_word' id='word_1_17' title='bbox 1156 388 1373 444; x_wconf 81' lang='lat' dir='ltr'>unquam</span> <span class='ocrx_word' id='word_1_18' title='bbox 1411 373 1466 425; x_wconf 68' lang='grc' dir='ltr'>δε</span> <span class='ocrx_word' id='word_1_19' title='bbox 1503 372 1693 437; x_wconf 84' lang='lat' dir='ltr'>uspiam</span> 
     </span>
     <span class='ocr_line' id='line_1_4' title="bbox 306 436 1694 499; baseline -0.001 -9"><span class='ocrx_word' id='word_1_20' title='bbox 306 441 506 490; x_wconf 86' lang='lat' dir='ltr'>fuerunt</span> <span class='ocrx_word' id='word_1_21' title='bbox 561 437 787 485; x_wconf 84' lang='lat' dir='ltr'>homines</span> <span class='ocrx_word' id='word_1_22' title='bbox 856 436 1196 485; x_wconf 87' lang='lat' dir='ltr'>vadimonium</span> <span class='ocrx_word' id='word_1_23' title='bbox 1250 452 1455 499; x_wconf 79' lang='lat' dir='ltr'>Sistent‚</span> <span class='ocrx_word' id='word_1_24' title='bbox 1524 441 1694 490; x_wconf 87' lang='lat' dir='ltr'>coram</span> 
     </span>
     <span class='ocr_line' id='line_1_5' title="bbox 311 501 1694 569; baseline 0.001 -14"><span class='ocrx_word' id='word_1_25' title='bbox 311 503 610 555; x_wconf 80' lang='lat' dir='ltr'>inexorabili</span> <span class='ocrx_word' id='word_1_26' title='bbox 646 501 829 552; x_wconf 81' lang='lat' dir='ltr'>Arbitri</span> <span class='ocrx_word' id='word_1_27' title='bbox 866 516 1049 551; x_wconf 78' lang='lat' dir='ltr'>cuncta</span> <span class='ocrx_word' id='word_1_28' title='bbox 1084 502 1314 566; x_wconf 79' lang='lat' dir='ltr'>scientis,</span> <span class='ocrx_word' id='word_1_29' title='bbox 1351 506 1694 569; x_wconf 87' lang='lat' dir='ltr'>Omnipoten-</span> 
     </span>
     <span class='ocr_line' id='line_1_6' title="bbox 313 568 1694 637; baseline 0.001 -16"><span class='ocrx_word' id='word_1_30' title='bbox 313 574 397 630; x_wconf 66' lang='grc' dir='ltr'>εἰς,</span> <span class='ocrx_word' id='word_1_31' title='bbox 437 568 722 629; x_wconf 78' lang='lat' dir='ltr'>Tribunali‚</span> <span class='ocrx_word' id='word_1_32' title='bbox 760 569 822 616; x_wconf 86' lang='lat' dir='ltr'>ad</span> <span class='ocrx_word' id='word_1_33' title='bbox 844 570 1048 634; x_wconf 72' lang='lat' dir='ltr'>quaesita</span> <span class='ocrx_word' id='word_1_34' title='bbox 1085 572 1390 632; x_wconf 83' lang='lat' dir='ltr'>responsuri,</span> <span class='ocrx_word' id='word_1_35' title='bbox 1428 585 1545 620; x_wconf 90' lang='lat' dir='ltr'>num</span> <span class='ocrx_word' id='word_1_36' title='bbox 1580 589 1694 637; x_wconf 87' lang='lat' dir='ltr'>pro-</span> 
     </span>
     <span class='ocr_line' id='line_1_7' title="bbox 309 635 1697 708; baseline 0.001 -22"><span class='ocrx_word' id='word_1_37' title='bbox 309 636 482 702; x_wconf 85' lang='lat' dir='ltr'>positis</span> <span class='ocrx_word' id='word_1_38' title='bbox 518 637 579 685; x_wconf 88' lang='lat' dir='ltr'>ab</span> <span class='ocrx_word' id='word_1_39' title='bbox 615 635 841 685; x_wconf 80' lang='lat' dir='ltr'>Ecclesia</span> <span class='ocrx_word' id='word_1_40' title='bbox 860 635 1175 708; x_wconf 76' lang='lat' dir='ltr'>dogmatibus</span> <span class='ocrx_word' id='word_1_41' title='bbox 1210 637 1537 688; x_wconf 76' lang='lat' dir='ltr'>crediderint?</span> <span class='ocrx_word' id='word_1_42' title='bbox 1578 655 1697 688; x_wconf 88' lang='lat' dir='ltr'>num</span> 
     </span>
     <span class='ocr_line' id='line_1_8' title="bbox 309 697 1721 768; baseline 0.003 -16"><span class='ocrx_word' id='word_1_43' title='bbox 309 716 562 768; x_wconf 72' lang='lat' dir='ltr'>pra-cepta</span> <span class='ocrx_word' id='word_1_44' title='bbox 598 700 949 753; x_wconf 83' lang='lat' dir='ltr'>servaverint?</span> <span class='ocrx_word' id='word_1_45' title='bbox 1003 719 1085 767; x_wconf 81' lang='lat' dir='ltr'>qui</span> <span class='ocrx_word' id='word_1_46' title='bbox 1122 717 1188 750; x_wconf 82' lang='lat' dir='ltr'>sic</span> <span class='ocrx_word' id='word_1_47' title='bbox 1242 697 1454 754; x_wconf 83' lang='lat' dir='ltr'>fecerint</span> <span class='ocrx_word' id='word_1_48' title='bbox 1489 705 1537 753; x_wconf 89' lang='lat' dir='ltr'>in</span> <span class='ocrx_word' id='word_1_49' title='bbox 1572 704 1721 756; x_wconf 49' lang='lat' dir='ltr'>Glo?</span> 
     </span>
     <span class='ocr_line' id='line_1_9' title="bbox 312 768 1696 833; baseline 0.002 -15"><span class='ocrx_word' id='word_1_50' title='bbox 312 770 432 818; x_wconf 87' lang='lat' dir='ltr'>riam</span> <span class='ocrx_word' id='word_1_51' title='bbox 469 768 684 819; x_wconf 84' lang='lat' dir='ltr'>Paradisi</span> <span class='ocrx_word' id='word_1_52' title='bbox 718 768 1071 818; x_wconf 79' lang='lat' dir='ltr'>admittentur:</span> <span class='ocrx_word' id='word_1_53' title='bbox 1113 769 1195 833; x_wconf 90' lang='lat' dir='ltr'>qui</span> <span class='ocrx_word' id='word_1_54' title='bbox 1231 773 1353 818; x_wconf 83' lang='lat' dir='ltr'>vero</span> <span class='ocrx_word' id='word_1_55' title='bbox 1389 772 1585 820; x_wconf 88' lang='lat' dir='ltr'>credere</span> <span class='ocrx_word' id='word_1_56' title='bbox 1622 789 1696 821; x_wconf 88' lang='lat' dir='ltr'>re-</span> 
     </span>
     <span class='ocr_line' id='line_1_10' title="bbox 309 835 1694 900; baseline -0.001 -14"><span class='ocrx_word' id='word_1_57' title='bbox 309 837 623 896; x_wconf 79' lang='lat' dir='ltr'>cusaverint‚</span> <span class='ocrx_word' id='word_1_58' title='bbox 644 835 814 900; x_wconf 81' lang='lat' dir='ltr'>quales</span> <span class='ocrx_word' id='word_1_59' title='bbox 851 849 966 885; x_wconf 89' lang='lat' dir='ltr'>sunt</span> <span class='ocrx_word' id='word_1_60' title='bbox 991 837 1172 895; x_wconf 62' lang='lat' dir='ltr'>Mami,</span> <span class='ocrx_word' id='word_1_61' title='bbox 1207 835 1399 898; x_wconf 79' lang='lat' dir='ltr'>Judaei,</span> <span class='ocrx_word' id='word_1_62' title='bbox 1437 837 1694 899; x_wconf 79' lang='lat' dir='ltr'>Gentiles,</span> 
     </span>
     <span class='ocr_line' id='line_1_11' title="bbox 316 901 1758 970; baseline 0.001 -17"><span class='ocrx_word' id='word_1_63' title='bbox 316 920 401 953; x_wconf 82' lang='lat' dir='ltr'>eos</span> <span class='ocrx_word' id='word_1_64' title='bbox 439 901 567 970; x_wconf 78' lang='lat' dir='ltr'>ignis</span> <span class='ocrx_word' id='word_1_65' title='bbox 618 901 839 966; x_wconf 80' lang='lat' dir='ltr'>excipiet</span> <span class='ocrx_word' id='word_1_66' title='bbox 889 915 1121 961; x_wconf 62' lang='lat' dir='ltr'>aeternus)</span> <span class='ocrx_word' id='word_1_67' title='bbox 1177 902 1260 951; x_wconf 85' lang='lat' dir='ltr'>ubi</span> <span class='ocrx_word' id='word_1_68' title='bbox 1315 902 1450 952; x_wconf 79' lang='lat' dir='ltr'>nulla</span> <span class='ocrx_word' id='word_1_69' title='bbox 1505 904 1695 954; x_wconf 83' lang='lat' dir='ltr'>redem-</span> <span class='ocrx_word' id='word_1_70' title='bbox 1752 944 1758 949; x_wconf 93' lang='lat'><em>.</em></span> 
     </span>
     <span class='ocr_line' id='line_1_12' title="bbox 311 966 1688 1034; baseline 0.001 -16"><span class='ocrx_word' id='word_1_71' title='bbox 311 969 449 1034; x_wconf 84' lang='lat' dir='ltr'>ptio,</span> <span class='ocrx_word' id='word_1_72' title='bbox 488 970 569 1034; x_wconf 88' lang='lat' dir='ltr'>qui</span> <span class='ocrx_word' id='word_1_73' title='bbox 605 982 775 1018; x_wconf 85' lang='lat' dir='ltr'>autem</span> <span class='ocrx_word' id='word_1_74' title='bbox 813 968 960 1019; x_wconf 84' lang='lat' dir='ltr'>fidem</span> <span class='ocrx_word' id='word_1_75' title='bbox 1000 968 1197 1033; x_wconf 88' lang='lat' dir='ltr'>quidem</span> <span class='ocrx_word' id='word_1_76' title='bbox 1235 968 1442 1033; x_wconf 83' lang='lat' dir='ltr'>professi</span> <span class='ocrx_word' id='word_1_77' title='bbox 1478 966 1688 1030; x_wconf 87' lang='lat' dir='ltr'>fuerint,</span> 
     </span>
     <span class='ocr_line' id='line_1_13' title="bbox 311 1035 1697 1104; baseline 0 -20"><span class='ocrx_word' id='word_1_78' title='bbox 311 1047 366 1084; x_wconf 91' lang='lat' dir='ltr'>ut</span> <span class='ocrx_word' id='word_1_79' title='bbox 419 1037 534 1085; x_wconf 84' lang='lat' dir='ltr'>mali</span> <span class='ocrx_word' id='word_1_80' title='bbox 595 1035 896 1096; x_wconf 82' lang='lat' dir='ltr'>Christiani,</span> <span class='ocrx_word' id='word_1_81' title='bbox 965 1035 1210 1084; x_wconf 81' lang='lat' dir='ltr'>mandatis</span> <span class='ocrx_word' id='word_1_82' title='bbox 1265 1039 1388 1085; x_wconf 77' lang='lat' dir='ltr'>vero</span> <span class='ocrx_word' id='word_1_83' title='bbox 1442 1036 1697 1104; x_wconf 87' lang='lat' dir='ltr'>Decalogi</span> 
     </span>
     <span class='ocr_line' id='line_1_14' title="bbox 312 1101 1696 1168; baseline 0.001 -18"><span class='ocrx_word' id='word_1_84' title='bbox 312 1102 515 1153; x_wconf 86' lang='lat' dir='ltr'>obedire</span> <span class='ocrx_word' id='word_1_85' title='bbox 551 1101 892 1168; x_wconf 80' lang='lat' dir='ltr'>neglexerint,</span> <span class='ocrx_word' id='word_1_86' title='bbox 930 1101 962 1149; x_wconf 91' lang='lat' dir='ltr'>ii</span> <span class='ocrx_word' id='word_1_87' title='bbox 998 1102 1183 1165; x_wconf 86' lang='lat' dir='ltr'>pariter</span> <span class='ocrx_word' id='word_1_88' title='bbox 1219 1101 1403 1152; x_wconf 83' lang='lat' dir='ltr'>Christi</span> <span class='ocrx_word' id='word_1_89' title='bbox 1435 1103 1597 1166; x_wconf 89' lang='lat' dir='ltr'>JESU</span> <span class='ocrx_word' id='word_1_90' title='bbox 1634 1120 1696 1152; x_wconf 81' lang='lat' dir='ltr'>ir-</span> 
     </span>
     <span class='ocr_line' id='line_1_15' title="bbox 310 1168 1698 1220; baseline 0.002 -3"><span class='ocrx_word' id='word_1_91' title='bbox 310 1168 586 1219; x_wconf 83' lang='lat' dir='ltr'>revocabili</span> <span class='ocrx_word' id='word_1_92' title='bbox 621 1169 871 1219; x_wconf 82' lang='lat' dir='ltr'>sententia</span> <span class='ocrx_word' id='word_1_93' title='bbox 905 1169 1112 1218; x_wconf 84' lang='lat' dir='ltr'>flammis</span> <span class='ocrx_word' id='word_1_94' title='bbox 1142 1171 1379 1218; x_wconf 82' lang='lat' dir='ltr'>aeternum</span> <span class='ocrx_word' id='word_1_95' title='bbox 1415 1169 1590 1219; x_wconf 86' lang='lat' dir='ltr'>usturis</span> <span class='ocrx_word' id='word_1_96' title='bbox 1610 1171 1698 1220; x_wconf 86' lang='lat' dir='ltr'>ad-</span> 
     </span>
     <span class='ocr_line' id='line_1_16' title="bbox 313 1235 580 1286; baseline 0.009 -3"><span class='ocrx_word' id='word_1_97' title='bbox 313 1235 580 1286; x_wconf 85' lang='lat' dir='ltr'>dicentur.</span> 
     </span>
    </p>

    <p class='ocr_par' dir='ltr' id='par_1_3' title="bbox 313 1299 1702 2430">
     <span class='ocr_line' id='line_1_17' title="bbox 381 1299 1698 1376; baseline -0.001 -24"><span class='ocrx_word' id='word_1_98' title='bbox 381 1319 458 1368; x_wconf 84' lang='lat'>29.</span> <span class='ocrx_word' id='word_1_99' title='bbox 498 1306 783 1376; x_wconf 86' lang='lat' dir='ltr'>Antequam</span> <span class='ocrx_word' id='word_1_100' title='bbox 820 1301 922 1351; x_wconf 85' lang='lat' dir='ltr'>haec</span> <span class='ocrx_word' id='word_1_101' title='bbox 961 1299 1113 1362; x_wconf 77' lang='lat' dir='ltr'>fiant,</span> <span class='ocrx_word' id='word_1_102' title='bbox 1153 1299 1371 1351; x_wconf 88' lang='lat' dir='ltr'>instante</span> <span class='ocrx_word' id='word_1_103' title='bbox 1395 1299 1570 1351; x_wconf 88' lang='lat' dir='ltr'>Mundi</span> <span class='ocrx_word' id='word_1_104' title='bbox 1594 1301 1698 1351; x_wconf 88' lang='lat' dir='ltr'>exi-</span> 
     </span>
     <span class='ocr_line' id='line_1_18' title="bbox 315 1367 1700 1432; baseline 0 -14"><span class='ocrx_word' id='word_1_105' title='bbox 315 1380 398 1428; x_wconf 80' lang='lat' dir='ltr'>tu,</span> <span class='ocrx_word' id='word_1_106' title='bbox 437 1384 607 1417; x_wconf 88' lang='lat' dir='ltr'>omnes</span> <span class='ocrx_word' id='word_1_107' title='bbox 645 1368 726 1432; x_wconf 94' lang='lat' dir='ltr'>qui</span> <span class='ocrx_word' id='word_1_108' title='bbox 763 1380 883 1417; x_wconf 91' lang='lat' dir='ltr'>tunc</span> <span class='ocrx_word' id='word_1_109' title='bbox 920 1367 1093 1417; x_wconf 81' lang='lat' dir='ltr'>vivent</span> <span class='ocrx_word' id='word_1_110' title='bbox 1130 1369 1352 1417; x_wconf 87' lang='lat' dir='ltr'>homines</span> <span class='ocrx_word' id='word_1_111' title='bbox 1390 1368 1700 1418; x_wconf 88' lang='lat' dir='ltr'>morientur.</span> 
     </span>
     <span class='ocr_line' id='line_1_19' title="bbox 315 1433 1697 1484; baseline 0 -1"><span class='ocrx_word' id='word_1_112' title='bbox 315 1436 403 1483; x_wconf 73' lang='lat' dir='ltr'>Ect</span> <span class='ocrx_word' id='word_1_113' title='bbox 438 1436 568 1484; x_wconf 87' lang='lat' dir='ltr'>enim</span> <span class='ocrx_word' id='word_1_114' title='bbox 604 1435 700 1482; x_wconf 91' lang='lat' dir='ltr'>hoc</span> <span class='ocrx_word' id='word_1_115' title='bbox 738 1446 922 1482; x_wconf 84' lang='lat' dir='ltr'>naturae</span> <span class='ocrx_word' id='word_1_116' title='bbox 946 1434 1166 1483; x_wconf 87' lang='lat' dir='ltr'>debitum</span> <span class='ocrx_word' id='word_1_117' title='bbox 1207 1433 1325 1481; x_wconf 89' lang='lat' dir='ltr'>nulli</span> <span class='ocrx_word' id='word_1_118' title='bbox 1361 1450 1461 1483; x_wconf 90' lang='lat' dir='ltr'>non</span> <span class='ocrx_word' id='word_1_119' title='bbox 1498 1433 1697 1484; x_wconf 88' lang='lat' dir='ltr'>solven-</span> 
     </span>
     <span class='ocr_line' id='line_1_20' title="bbox 314 1498 1697 1565; baseline 0.001 -17"><span class='ocrx_word' id='word_1_120' title='bbox 314 1501 460 1550; x_wconf 90' lang='lat' dir='ltr'>dum:</span> <span class='ocrx_word' id='word_1_121' title='bbox 517 1498 691 1565; x_wconf 87' lang='lat' dir='ltr'>utique</span> <span class='ocrx_word' id='word_1_122' title='bbox 728 1517 839 1549; x_wconf 88' lang='lat' dir='ltr'>cum</span> <span class='ocrx_word' id='word_1_123' title='bbox 892 1517 951 1549; x_wconf 71' lang='lat' dir='ltr'>ei</span> <span class='ocrx_word' id='word_1_124' title='bbox 986 1501 1283 1550; x_wconf 85' lang='lat' dir='ltr'>conditione</span> <span class='ocrx_word' id='word_1_125' title='bbox 1337 1501 1493 1564; x_wconf 85' lang='lat' dir='ltr'>quivis</span> <span class='ocrx_word' id='word_1_126' title='bbox 1543 1499 1697 1550; x_wconf 82' lang='lat' dir='ltr'>horno</span> 
     </span>
     <span class='ocr_line' id='line_1_21' title="bbox 313 1565 1700 1630; baseline 0.002 -16"><span class='ocrx_word' id='word_1_127' title='bbox 313 1579 575 1625; x_wconf 74' lang='lat' dir='ltr'>nascatur,</span> <span class='ocrx_word' id='word_1_128' title='bbox 628 1578 683 1615; x_wconf 88' lang='lat' dir='ltr'>ut</span> <span class='ocrx_word' id='word_1_129' title='bbox 733 1566 1002 1630; x_wconf 82' lang='lat' dir='ltr'>aliquando</span> <span class='ocrx_word' id='word_1_130' title='bbox 1056 1566 1227 1615; x_wconf 81' lang='lat' dir='ltr'>vivere</span> <span class='ocrx_word' id='word_1_131' title='bbox 1281 1566 1509 1629; x_wconf 81' lang='lat' dir='ltr'>desinat3</span> <span class='ocrx_word' id='word_1_132' title='bbox 1564 1565 1700 1627; x_wconf 85' lang='lat' dir='ltr'>cujus</span> 
     </span>
     <span class='ocr_line' id='line_1_22' title="bbox 314 1631 1694 1698; baseline 0.002 -19"><span class='ocrx_word' id='word_1_133' title='bbox 314 1633 437 1698; x_wconf 76' lang='lat' dir='ltr'>legis</span> <span class='ocrx_word' id='word_1_134' title='bbox 473 1649 584 1681; x_wconf 89' lang='lat' dir='ltr'>cum</span> <span class='ocrx_word' id='word_1_135' title='bbox 622 1646 682 1680; x_wconf 89' lang='lat' dir='ltr'>ne</span> <span class='ocrx_word' id='word_1_136' title='bbox 737 1633 962 1681; x_wconf 86' lang='lat' dir='ltr'>Christo</span> <span class='ocrx_word' id='word_1_137' title='bbox 957 1631 1173 1696; x_wconf 87' lang='lat' dir='ltr'>quidem</span> <span class='ocrx_word' id='word_1_138' title='bbox 1215 1633 1328 1683; x_wconf 56' lang='lat' dir='ltr'>Dei*</span> <span class='ocrx_word' id='word_1_139' title='bbox 1351 1632 1476 1681; x_wconf 85' lang='lat' dir='ltr'>Filio</span> <span class='ocrx_word' id='word_1_140' title='bbox 1531 1635 1694 1698; x_wconf 84' lang='lat' dir='ltr'>gratia</span> 
     </span>
     <span class='ocr_line' id='line_1_23' title="bbox 316 1686 1702 1771; baseline 0.004 -25"><span class='ocrx_word' id='word_1_141' title='bbox 316 1686 455 1748; x_wconf 74' lang='lat' dir='ltr'>sacta</span> <span class='ocrx_word' id='word_1_142' title='bbox 489 1699 583 1761; x_wconf 77' lang='lat' dir='ltr'>sit3</span> <span class='ocrx_word' id='word_1_143' title='bbox 622 1696 938 1770; x_wconf 79' lang='lat' dir='ltr'>manifestum</span> <span class='ocrx_word' id='word_1_144' title='bbox 975 1712 1085 1771; x_wconf 78' lang='lat' dir='ltr'>est,</span> <span class='ocrx_word' id='word_1_145' title='bbox 1140 1716 1285 1764; x_wconf 83' lang='lat' dir='ltr'>quam</span> <span class='ocrx_word' id='word_1_146' title='bbox 1324 1700 1594 1748; x_wconf 85' lang='lat' dir='ltr'>temeraria</span> <span class='ocrx_word' id='word_1_147' title='bbox 1643 1701 1702 1752; x_wconf 74' lang='grc' dir='ltr'>δι’</span> 
     </span>
     <span class='ocr_line' id='line_1_24' title="bbox 318 1762 1701 1829; baseline 0.001 -17"><span class='ocrx_word' id='word_1_148' title='bbox 318 1765 457 1815; x_wconf 85' lang='lat' dir='ltr'>irrita</span> <span class='ocrx_word' id='word_1_149' title='bbox 493 1781 600 1829; x_wconf 84' lang='lat' dir='ltr'>spes</span> <span class='ocrx_word' id='word_1_150' title='bbox 637 1762 770 1814; x_wconf 88' lang='lat' dir='ltr'>foret</span> <span class='ocrx_word' id='word_1_151' title='bbox 803 1763 1013 1822; x_wconf 82' lang='lat' dir='ltr'>cuiusvis</span> <span class='ocrx_word' id='word_1_152' title='bbox 1051 1765 1253 1815; x_wconf 81' lang='lat' dir='ltr'>alterius</span> <span class='ocrx_word' id='word_1_153' title='bbox 1291 1766 1339 1813; x_wconf 87' lang='lat' dir='ltr'>id</span> <span class='ocrx_word' id='word_1_154' title='bbox 1375 1764 1465 1814; x_wconf 86' lang='lat' dir='ltr'>sibi</span> <span class='ocrx_word' id='word_1_155' title='bbox 1502 1765 1701 1829; x_wconf 88' lang='lat' dir='ltr'>privile-</span> 
     </span>
     <span class='ocr_line' id='line_1_25' title="bbox 314 1831 1698 1897; baseline 0.003 -20.012"><span class='ocrx_word' id='word_1_156' title='bbox 314 1832 447 1897; x_wconf 82' lang='lat' dir='ltr'>gium</span> <span class='ocrx_word' id='word_1_157' title='bbox 483 1831 803 1896; x_wconf 79' lang='lat' dir='ltr'>spondentiS.</span> <span class='ocrx_word' id='word_1_158' title='bbox 839 1834 1086 1880; x_wconf 87' lang='lat' dir='ltr'>Caeterum</span> <span class='ocrx_word' id='word_1_159' title='bbox 1126 1848 1227 1880; x_wconf 90' lang='lat' dir='ltr'>non</span> <span class='ocrx_word' id='word_1_160' title='bbox 1280 1849 1365 1881; x_wconf 84' lang='lat' dir='ltr'>sua</span> <span class='ocrx_word' id='word_1_161' title='bbox 1402 1833 1550 1882; x_wconf 84' lang='lat' dir='ltr'>causa</span> <span class='ocrx_word' id='word_1_162' title='bbox 1599 1832 1698 1895; x_wconf 86' lang='lat' dir='ltr'>JE-</span> 
     </span>
     <span class='ocr_line' id='line_1_26' title="bbox 314 1898 1697 1962; baseline -0.001 -14"><span class='ocrx_word' id='word_1_163' title='bbox 314 1899 433 1948; x_wconf 83' lang='lat' dir='ltr'>SUS</span> <span class='ocrx_word' id='word_1_164' title='bbox 455 1912 531 1948; x_wconf 91' lang='lat' dir='ltr'>est</span> <span class='ocrx_word' id='word_1_165' title='bbox 566 1910 821 1959; x_wconf 64' lang='lat' dir='ltr'>mortum,</span> <span class='ocrx_word' id='word_1_166' title='bbox 858 1898 940 1946; x_wconf 85' lang='lat' dir='ltr'>sed</span> <span class='ocrx_word' id='word_1_167' title='bbox 961 1915 1050 1961; x_wconf 90' lang='lat' dir='ltr'>pro</span> <span class='ocrx_word' id='word_1_168' title='bbox 1086 1898 1307 1962; x_wconf 88' lang='lat' dir='ltr'>peccatis</span> <span class='ocrx_word' id='word_1_169' title='bbox 1344 1899 1554 1960; x_wconf 85' lang='lat' dir='ltr'>nostris,</span> <span class='ocrx_word' id='word_1_170' title='bbox 1577 1913 1697 1947; x_wconf 83' lang='lat' dir='ltr'>mox</span> 
     </span>
     <span class='ocr_line' id='line_1_27' title="bbox 318 1964 1696 2028; baseline -0.002 -14"><span class='ocrx_word' id='word_1_171' title='bbox 318 1978 490 2014; x_wconf 88' lang='lat' dir='ltr'>tamen</span> <span class='ocrx_word' id='word_1_172' title='bbox 529 1964 793 2014; x_wconf 84' lang='lat' dir='ltr'>resurrexit</span> <span class='ocrx_word' id='word_1_173' title='bbox 830 1981 1031 2028; x_wconf 77' lang='lat' dir='ltr'>pr·opiia</span> <span class='ocrx_word' id='word_1_174' title='bbox 1068 1967 1283 2025; x_wconf 79' lang='lat' dir='ltr'>virtute,</span> <span class='ocrx_word' id='word_1_175' title='bbox 1338 1977 1395 2014; x_wconf 91' lang='lat' dir='ltr'>ut</span> <span class='ocrx_word' id='word_1_176' title='bbox 1448 1965 1505 2017; x_wconf 87' lang='lat'>&amp;</span> <span class='ocrx_word' id='word_1_177' title='bbox 1538 1978 1696 2013; x_wconf 86' lang='lat' dir='ltr'>resur-</span> 
     </span>
     <span class='ocr_line' id='line_1_28' title="bbox 316 2030 1694 2097; baseline 0 -18"><span class='ocrx_word' id='word_1_178' title='bbox 316 2032 461 2097; x_wconf 79' lang='lat' dir='ltr'>gendi</span> <span class='ocrx_word' id='word_1_179' title='bbox 498 2031 638 2079; x_wconf 86' lang='lat' dir='ltr'>nobis</span> <span class='ocrx_word' id='word_1_180' title='bbox 676 2030 906 2080; x_wconf 84' lang='lat' dir='ltr'>fiduciam</span> <span class='ocrx_word' id='word_1_181' title='bbox 944 2033 1302 2082; x_wconf 87' lang='lat' dir='ltr'>resurrectione</span> <span class='ocrx_word' id='word_1_182' title='bbox 1334 2030 1550 2080; x_wconf 87' lang='lat' dir='ltr'>sanciret</span> <span class='ocrx_word' id='word_1_183' title='bbox 1584 2031 1694 2090; x_wconf 83' lang='lat' dir='ltr'>sua,</span> 
     </span>
     <span class='ocr_line' id='line_1_29' title="bbox 317 2096 1697 2161; baseline -0.001 -15"><span class='ocrx_word' id='word_1_184' title='bbox 317 2101 374 2150; x_wconf 85' lang='lat'>&amp;</span> <span class='ocrx_word' id='word_1_185' title='bbox 412 2097 738 2146; x_wconf 84' lang='lat' dir='ltr'>acerbitatem</span> <span class='ocrx_word' id='word_1_186' title='bbox 778 2097 1086 2153; x_wconf 79' lang='lat' dir='ltr'>necessitatis</span> <span class='ocrx_word' id='word_1_187' title='bbox 1129 2098 1368 2148; x_wconf 83' lang='lat' dir='ltr'>moriendi</span> <span class='ocrx_word' id='word_1_188' title='bbox 1403 2096 1492 2161; x_wconf 88' lang='lat' dir='ltr'>piis</span> <span class='ocrx_word' id='word_1_189' title='bbox 1531 2096 1697 2144; x_wconf 82' lang='lat' dir='ltr'>bonis-</span> 
     </span>
     <span class='ocr_line' id='line_1_30' title="bbox 316 2163 1697 2240; baseline -0.001 -28"><span class='ocrx_word' id='word_1_190' title='bbox 316 2180 410 2229; x_wconf 90' lang='lat' dir='ltr'>que</span> <span class='ocrx_word' id='word_1_191' title='bbox 463 2164 630 2213; x_wconf 83' lang='lat' dir='ltr'>amicis</span> <span class='ocrx_word' id='word_1_192' title='bbox 667 2164 792 2223; x_wconf 86' lang='lat' dir='ltr'>suis,</span> <span class='ocrx_word' id='word_1_193' title='bbox 847 2164 1059 2227; x_wconf 82' lang='lat' dir='ltr'>exempli</span> <span class='ocrx_word' id='word_1_194' title='bbox 1111 2165 1291 2240; x_wconf 75' lang='lat' dir='ltr'>proprii</span> <span class='ocrx_word' id='word_1_195' title='bbox 1343 2163 1697 2212; x_wconf 86' lang='lat' dir='ltr'>communione</span> 
     </span>
     <span class='ocr_line' id='line_1_31' title="bbox 313 2227 1696 2305; baseline -0.002 -26"><span class='ocrx_word' id='word_1_196' title='bbox 313 2244 646 2305; x_wconf 78' lang='lat' dir='ltr'>temperaret.</span> <span class='ocrx_word' id='word_1_197' title='bbox 697 2232 829 2303; x_wconf 79' lang='lat' dir='ltr'>Ergo</span> <span class='ocrx_word' id='word_1_198' title='bbox 877 2231 957 2281; x_wconf 88' lang='lat' dir='ltr'>vel</span> <span class='ocrx_word' id='word_1_199' title='bbox 992 2231 1027 2278; x_wconf 85' lang='lat' dir='ltr'>si</span> <span class='ocrx_word' id='word_1_200' title='bbox 1082 2233 1162 2297; x_wconf 89' lang='lat' dir='ltr'>qui</span> <span class='ocrx_word' id='word_1_201' title='bbox 1219 2229 1387 2282; x_wconf 85' lang='lat' dir='ltr'>Sancti</span> <span class='ocrx_word' id='word_1_202' title='bbox 1443 2230 1499 2280; x_wconf 85' lang='lat'>&amp;</span> <span class='ocrx_word' id='word_1_203' title='bbox 1555 2227 1696 2277; x_wconf 84' lang='lat' dir='ltr'>omni</span> 
     </span>
     <span class='ocr_line' id='line_1_32' title="bbox 315 2295 1693 2360; baseline 0 -17"><span class='ocrx_word' id='word_1_204' title='bbox 315 2298 501 2347; x_wconf 88' lang='lat' dir='ltr'>virtute</span> <span class='ocrx_word' id='word_1_205' title='bbox 553 2295 762 2360; x_wconf 88' lang='lat' dir='ltr'>perfecti</span> <span class='ocrx_word' id='word_1_206' title='bbox 799 2313 847 2345; x_wconf 82' lang='lat' dir='ltr'>in</span> <span class='ocrx_word' id='word_1_207' title='bbox 907 2297 1100 2347; x_wconf 89' lang='lat' dir='ltr'>Mundo</span> <span class='ocrx_word' id='word_1_208' title='bbox 1150 2296 1278 2348; x_wconf 73' lang='lat' dir='ltr'>forte</span> <span class='ocrx_word' id='word_1_209' title='bbox 1330 2296 1693 2359; x_wconf 87' lang='lat' dir='ltr'>reperirentur,</span> 
     </span>
     <span class='ocr_line' id='line_1_33' title="bbox 313 2361 1699 2430; baseline -0.001 -17"><span class='ocrx_word' id='word_1_210' title='bbox 313 2364 513 2430; x_wconf 83' lang='lat' dir='ltr'>quando</span> <span class='ocrx_word' id='word_1_211' title='bbox 550 2380 652 2427; x_wconf 72' lang='lat' dir='ltr'>ejus</span> <span class='ocrx_word' id='word_1_212' title='bbox 689 2374 905 2415; x_wconf 81' lang='lat' dir='ltr'>statutus</span> <span class='ocrx_word' id='word_1_213' title='bbox 951 2364 1229 2414; x_wconf 86' lang='lat' dir='ltr'>imminebit</span> <span class='ocrx_word' id='word_1_214' title='bbox 1263 2361 1400 2424; x_wconf 84' lang='lat' dir='ltr'>finis,</span> <span class='ocrx_word' id='word_1_215' title='bbox 1454 2361 1583 2409; x_wconf 87' lang='lat' dir='ltr'>haud</span> <span class='ocrx_word' id='word_1_216' title='bbox 1621 2372 1699 2411; x_wconf 85' lang='lat' dir='ltr'>est</span> 
     </span>
    </p>

    <p class='ocr_par' dir='ltr' id='par_1_4' title="bbox 1443 2440 1625 2492">
     <span class='ocr_line' id='line_1_34' title="bbox 1443 2440 1625 2492; baseline 0.011 -15"><span class='ocrx_word' id='word_1_217' title='bbox 1443 2440 1625 2492; x_wconf 79' lang='lat' dir='ltr'>putan-</span> 
     </span>
    </p>
   </div>
  </div>
 </body>
</html>
