1781 2889
271 156 788 209 EPISTOLARUM.
826 157 931 206 Lib.
966 161 1007 208 1.
1043 162 1130 227 Ep.
1165 164 1258 210 rx.
1351 183 1424 233 49
1485 208 1490 214 .

102 252 322 304 eminens
358 252 406 299 in
433 251 628 303 nos&
663 251 807 301 nullis
861 268 964 303 non
1015 253 1189 306 officiis
1234 257 1397 320 palam
1428 277 1489 311 o,

100 334 288 369 stensus
323 317 540 383 Protegis
577 314 757 379 favor,
795 332 998 382 propter
1042 338 1284 372 summam
1337 338 1480 375 auto==

96 387 296 436 ritatem
332 397 481 447 quam
513 383 558 431 ei
593 383 723 445 apud
760 386 923 450 Reges
971 401 1031 435 ac
1069 389 1322 451 Dynastas
1367 390 1480 441 illo<¹

96 467 203 502 rum
240 462 492 499 tractuum
529 450 797 498 Lusitanici
831 452 982 518 Regis
1018 454 1208 516 Socios,
1259 457 1316 508 <Sc
1361 472 1476 520 pro⁰

92 518 196 580 pria
245 513 346 564 illic
397 513 514 563 olim
570 528 692 564 nota
745 516 920 576 virtu5‚
959 519 1015 572 ὃς
1051 534 1182 569 nova
1242 521 1475 587 Dignitas

93 579 376 643 amplissimi
413 581 469 632 &
504 581 696 647 Regem
734 586 1129 644 repraesentantis
1161 587 1476 653 magistratus

91 646 417 699 conciliatura
455 647 635 695 merito
669 648 885 699 creditur
906 684 917 695 .

159 714 205 762 8.
241 712 288 761 Si
325 711 465 760 vobis
518 713 813 762 viderentur
843 712 1028 767 Gratiae
1077 716 1301 780 quaedam
1336 718 1471 780 spiri-

87 777 247 827 tuales
284 793 344 827 ex
379 777 432 824 iis
471 793 576 841 quae
624 779 876 841 impetrari
911 783 939 828 a
976 781 1180 830 Summo
1227 784 1470 845 Pontifice

88 856 305 907 queunt,
359 843 498 891 nobis
553 842 818 906 profuturae
864 844 924 894 ad
977 844 1251 897 efficaciam
1289 849 1469 898 nostris

84 909 186 957 ime
240 908 514 957 ministeriis
566 909 874 971 addendam,
928 912 1061 976 agite
1107 925 1256 976 prout
1301 926 1467 964 vestra

85 974 228 1023 vobis
263 975 438 1024 caritas
474 975 531 1027 <Sc
567 977 806 1037 sapientia
854 977 1089 1026 suaserit:
1145 981 1278 1028 certe
1326 980 1464 1031 illam

84 1055 372 1102 cuperemus
407 1039 648 1099 obtineri,
687 1042 744 1093 &
780 1040 841 1088 ad
890 1056 978 1090 nos
1024 1041 1115 1091 rite
1165 1044 1462 1112 consignato

84 1105 357 1168 diplomate
392 1105 546 1167 prima
583 1120 777 1169 quaque
814 1105 1080 1154 occasione
1101 1111 1368 1159 transmitti
1389 1109 1462 1158 fa-

80 1171 352 1229 cultatem,
403 1170 499 1234 qua
550 1182 727 1218 nostrae
780 1171 1045 1219 Societatis
1099 1173 1378 1223 hominibus
1410 1177 1461 1224 in

80 1236 232 1287 Indiis
274 1236 561 1301 degentibus
595 1251 681 1299 per
715 1251 988 1299 supremum
1027 1237 1256 1289 Ecclesiae
1290 1242 1461 1293 Pasto-

80 1317 185 1352 rem
220 1301 395 1362 liceat,
432 1301 655 1363 accipere
691 1304 866 1352 Sacros
904 1301 1112 1352 Ordines
1158 1320 1301 1353 extra
1348 1321 1459 1355 tem-

75 1384 188 1435 pora
225 1368 326 1416 sine
362 1366 662 1430 patrimonio
699 1381 786 1417 aut
819 1367 1097 1430 beneficio,
1143 1369 1294 1420 titulo
1346 1389 1458 1435 pro-

75 1432 228 1483 missae
267 1436 384 1482 Deo
420 1432 712 1482 voluntariae
746 1433 1089 1497 paupertatis3
1127 1435 1278 1487 etiam
1331 1438 1458 1486 rela-

76 1512 223 1558 xato,
259 1498 342 1547 ubi
377 1515 496 1562 opus
532 1496 745 1560 fuerint,
799 1501 1046 1548 canonico
1092 1500 1455 1564 impedimento

74 1562 446 1631 illegitimorum
486 1564 721 1613 natalium
744 1602 755 1613 .
791 1566 870 1614 Ad
905 1579 1179 1615 extremum
1226 1584 1455 1631 oramus,
1506 1567 1508 1569 ’

73 1641 130 1678 ut
163 1631 357 1694 quando
394 1630 452 1678 ad
487 1646 575 1678 nos
599 1626 661 1678 'in
700 1631 861 1679 Indias
897 1631 1146 1689 scribetis,
1184 1632 1231 1680 id
1269 1649 1452 1698 nequa-

71 1711 221 1759 quam
256 1694 585 1758 perfunctorie
634 1695 914 1745 breviterve
961 1696 1186 1747 faciatis:
1225 1700 1451 1762 ‘gomnino

70 1760 297 1809 volumus
335 1761 500 1809 doceri
537 1761 834 1809 nominatim
869 1766 897 1810 a
934 1762 1072 1810 vobis
1110 1763 1169 1811 de
1223 1765 1450 1815 omnibus

70 1825 129 1880 ὃς
173 1825 371 1892 singulis
427 1828 760 1886 Nostrorum,
810 1828 925 1891 quid
978 1841 1163 1892 agant,
1212 1830 1443 1893 valeant,

66 1891 330 1957 cogitent,
368 1908 513 1956 quam
552 1891 620 1940 sui
658 1908 992 1958 spem,quern
1015 1894 1228 1944 fructum
1266 1898 1443 1945 edant:

67 1971 228 2022 neque
265 1959 314 2006 id
350 1974 498 2024 grave
533 1958 685 2007 videri
722 1958 872 2008 debet
907 1976 1017 2009 cum
1067 1961 1216 2009 semel
1268 1963 1444 2011 dunta0

65 2035 154 2072 xat
188 2023 363 2088 quovis
400 2039 532 2072 anno
569 2024 838 2076 dandarum
872 2026 934 2073 ad
972 2041 1058 2073 nos
1079 2025 1330 2076 literarum
1367 2042 1439 2075 re-

63 2087 223 2138 ditura
259 2089 398 2139 vobis
433 2089 777 2153 opportunitas
800 2102 901 2139 est.
925 2090 1070 2140 Plane
1105 2091 1259 2141 facite
1283 2106 1337 2141 ut
1355 2109 1440 2141 ve-

59 2166 168 2202 strae
221 2154 399 2205 isthinc
450 2155 668 2219 epistolae
723 2155 770 2203 in
819 2168 939 2206 octo
986 2156 1124 2205 nobis
1172 2158 1438 2207 solidorum

62 2219 249 2269 dierum
283 2221 551 2272 lectionem
589 2221 875 2270 abundent.
913 2221 993 2270 Sic
1039 2220 1250 2274 vicissim
1297 2223 1440 2289 polli-

58 2299 226 2336 cemur
263 2303 351 2337 nos
388 2302 586 2354 quoque
628 2286 846 2337 facturos
872 2324 884 2336 .
922 2286 1104 2339 Valete
1127 2327 1138 2337 .

66 2350 194 2401 Tom.
226 2357 265 2401 J.
681 2355 740 2403 -D
1221 2353 1372 2420 Ulys-
