1781 2889
374 219 471 274 224
628 204 681 256 S.
716 197 1093 254 FRANCISCI
1129 198 1427 252 XAVERII

306 317 517 354 necem:
559 299 662 349 noli
697 315 858 365 quaeso
922 301 1142 351 Domine
1196 299 1324 350 ultra
1376 295 1694 363 permittere,

309 381 367 418 ut
403 368 549 416 Filius
585 380 694 414 tuus
730 366 790 412 ab
828 365 1109 416 Infidelibus
1163 380 1552 416 contemnatur:
1608 360 1694 407 sed

307 434 534 501 precibus
575 434 871 480 Sanctorum
911 431 1197 482 Electorum
1233 446 1432 482 tuorum
1485 431 1543 482 &
1595 427 1691 475 EC-

310 499 471 548 clesiae
511 497 836 546 Sanctissimae
876 498 1073 560 Sponsae
1094 496 1312 556 eiusdem
1338 497 1444 547 Filii
1482 496 1552 546 tui
1591 490 1695 554 pla-

307 578 486 622 catuS‚
522 564 783 612 recordare
835 563 1176 612 misericordiae
1213 577 1346 625 tuae3
1400 564 1457 616 &
1506 559 1690 611 oblitus

307 629 611 679 idololatriae
649 631 705 682 &
744 628 1051 679 infidelitatis
1087 645 1294 687 eorum,
1331 627 1472 678 effice
1527 640 1582 676 ut
1637 627 1696 678 &

307 696 395 759 ipsi
435 695 700 760 aliquando
737 709 1016 761 agnoscant
1049 711 1194 761 quern
1225 694 1397 743 misisti
1419 694 1697 744 Dominum
1728 719 1730 722 ·

309 763 535 827 JESUM
571 761 856 821 Christum,
895 761 943 810 in
981 778 1080 827 quo
1117 775 1191 810 est
1227 761 1352 808 salus
1389 762 1490 809 vita
1528 761 1584 813 ὅ(
1621 774 1695 807 re-

311 828 552 877 surrectio
606 836 803 888 nostra,
857 844 943 890 per
996 844 1139 893 quem
1177 825 1353 875 salvati
1400 827 1457 879 δι
1501 825 1698 874 liberati

311 910 502 955 sumus,
540 894 619 942 cui
656 893 716 943 sit
750 894 909 962 gloria
946 911 1032 959 per
1068 895 1262 944 infinita
1298 897 1475 942 saecula
1496 891 1697 941 saeculo-

311 977 419 1010 rum
440 997 451 1008 .
492 964 650 1009 Amen
673 997 684 1007 .

383 1043 458 1093 ἶς’.
494 1028 584 1076 Per
621 1026 778 1085 diem,
817 1026 931 1076 vitae
979 1043 1122 1087 usuS,
1161 1027 1219 1079 ὅτ
1254 1024 1531 1088 promiscua
1584 1041 1696 1076 cum

311 1093 597 1144 hominibus
633 1093 870 1142 tractatio
893 1093 1166 1157 periculosa
1184 1091 1362 1142 offerre
1383 1091 1509 1140 solet
1531 1091 1699 1142 incen-

311 1161 418 1210 tiva
459 1159 723 1220 vitiorum3
779 1159 1044 1223 praesertim
1098 1159 1150 1206 iis
1202 1160 1284 1225 qui
1332 1156 1495 1206 multis
1549 1173 1698 1209 antea

310 1225 532 1293 peccatis
568 1226 975 1274 consuetudinem
1015 1224 1143 1275 male
1198 1224 1378 1291 agendi
1430 1237 1696 1275 contraxe-

313 1305 457 1342 runt.
495 1294 687 1341 Horum
735 1291 911 1340 animis
965 1292 1212 1340 obversari
1263 1289 1500 1339 continue
1548 1291 1700 1341 debet

313 1358 430 1408 vitae
469 1358 719 1417 brevitas,
757 1358 924 1406 mortis
963 1357 1169 1416 vicinia,
1223 1357 1353 1405 ratio
1404 1371 1697 1407 cunctorum

312 1440 400 1490 per
437 1423 590 1472 vitam
629 1436 853 1473 actorum
893 1427 1009 1473 Deo
1044 1423 1321 1481 reddenda,
1378 1419 1606 1480 judicium
1644 1441 1697 1473 u-

313 1491 555 1539 niversale
592 1507 692 1552 quo
729 1490 867 1538 simul
906 1507 1071 1539 omnes
1110 1503 1228 1538 ante
1265 1489 1566 1539 inexorabile
1593 1490 1697 1539 Tri-

313 1556 464 1606 bunal
504 1556 690 1604 Christi
726 1557 977 1615 sistcmur,
1038 1573 1182 1621 rogus
1235 1569 1441 1603 aeternus
1496 1557 1698 1604 damna-

314 1635 515 1682 torum,
571 1623 628 1675 &
679 1621 1061 1684 irreparabiliter
1114 1638 1199 1683 per
1253 1621 1461 1685 quodvis
1508 1622 1695 1672 lethale

313 1701 578 1754 peccatum
617 1688 896 1737 amittenda
933 1687 1149 1736 Paradisi
1185 1687 1482 1748 sempiterna
1541 1686 1694 1738 felici·-

314 1767 425 1814 ἵεις,
461 1755 521 1802 ad
559 1771 704 1819 quam
744 1754 930 1803 conditi
972 1770 1195 1802 eramus.
1247 1752 1498 1813 Ejusmodi
1544 1755 1694 1803 sensi-

316 1821 405 1870 bus
441 1821 786 1885 praeoccupata
824 1833 1024 1879 mente,
1063 1821 1142 1881 qui
1182 1820 1241 1868 ad
1263 1819 1576 1884 quotidianas
1613 1820 1691 1869 vel

315 1887 677 1949 occupationes
733 1886 811 1935 vel
865 1886 1170 1936 remiss-iones
1221 1886 1513 1946 accesserit,
1551 1903 1620 1935 nae
1659 1886 1694 1935 is

316 1955 445 2003 haud
492 1953 641 2011 paulo
695 1957 839 2017 quain
888 1952 1050 2002 caten
1108 1955 1255 2002 rarius
1310 1954 1486 2015 cadet,
1535 1952 1694 2015 lapsus

317 2019 594 2082 expeditius
642 2032 894 2084 resurget;
949 2032 1297 2083 promptusque
1353 2017 1452 2068 fere
1505 2033 1695 2081 semper

318 2102 379 2135 ac
416 2099 613 2147 paratus
664 2087 935 2146 reperietur
988 2086 1048 2132 ad
1100 2087 1146 2134 id
1199 2085 1442 2152 agendum
1497 2083 1694 2134 interim

315 2153 430 2200 dum
468 2151 624 2209 vivit,
672 2153 802 2215 quod
839 2155 866 2201 ὲ
901 2168 950 2200 se
1000 2150 1186 2201 factum
1238 2164 1440 2214 cuperet
1491 2152 1692 2213 quando

315 2217 588 2267 morietur.
622 2219 827 2281 Juvabit
864 2219 1013 2266 etiam
1052 2235 1152 2267 non
1189 2220 1694 2279 partim,pcrsuasun1

317 2297 729 2349 perspectumque
767 2284 953 2333 cunctis
992 2301 1128 2334 esse:
1186 2285 1338 2333 latum
1390 2282 1696 2334 intercedere

317 2349 583 2405 discrimen
619 2350 748 2400 inter
782 2364 991 2416 peccata
1046 2366 1108 2402 ex
1145 2347 1442 2417 fragilitate,
1491 2349 1694 2463 ἰιιρςιιὲ

1501 2434 1526 2465 a
1551 2432 1621 2465 10-
