1781 2889
442 169 540 219 IN
590 168 639 215 8,-
687 164 1219 216 XAVERIUM.
1374 165 1459 215 xxi·

151 266 337 315 Latinis
370 278 412 313 et
447 267 718 327 Hispanicis
771 268 1028 322 variatur,
1083 261 1380 328 typographis
1432 278 1525 310 esse

154 331 468 387 tribuendam,
505 332 832 378 animadverto
869 334 967 378 cum
1005 331 1204 391 Latinas
1237 343 1266 375 a
1305 329 1526 376 ‘Turselli-

155 415 209 445 no
244 414 287 447 et
322 399 503 445 Possino
538 401 744 445 continuo
779 399 992 460 temporis
1027 395 1182 442 ordine
1203 394 1524 455 distributas,

155 477 249 512 tum
301 464 584 527 Hispanicas
618 477 647 509 a
683 463 908 510 Cutillate
962 461 1075 509 adeo
1122 460 1313 519 sedulo,
1359 473 1410 507 ut
1458 464 1531 506 ter'

151 532 362 594 perpetuo
398 531 514 577 diem
549 529 759 593 designet
781 561 796 588 ,
833 547 918 593 quo
954 546 1143 593 quaeque
1176 529 1384 590 Epistola
1410 525 1530 572 data

156 610 253 655 est,
290 598 461 642 notatis
496 597 665 654 etiam,
703 596 845 643 sicubi
881 607 1084 644 erratum
1138 608 1239 653 est,
1288 595 1337 638 in
1388 593 1533 639 torri-⁴

145 661 313 726 gendis
348 665 627 709 numerorum
663 661 872 709 mendis:
909 675 1055 726 quare
1088 657 1144 706 de
1180 656 1319 718 hujus
1352 670 1530 705 senten·-

153 730 221 774 tia
275 741 372 775 tam*
421 730 638 775 accurate3
693 741 921 789 expressa.
950 727 1131 773 minime
1181 723 1484 772 dubitandum
1506 725 1534 780 ,⁰⁴

152 802 419 858 quanquam
471 792 546 838 uhi
601 791 776 839 Latina
829 793 889 840 ab
943 796 1160 855 Hispana
1196 789 1381 837 biduum
1425 788 1531 854 fere

152 860 326 918 distat,
364 860 551 907 variam
574 856 918 915 Calendarum,
957 860 1227 915 Nonarum,
1247 870 1332 902 aut
1364 854 1533 902 Iduum

152 929 423 973 notationem
459 923 713 987 aliquando
747 942 833 971 non
859 923 1010 988 fuisse
1042 935 1305 987 perpensam
1338 924 1538 985 suspicio‘

154 1004 220 1038 est
242 1025 253 1036 .
292 992 355 1038 Et
390 1006 502 1039 vero
538 989 602 1035 ad
634 991 940 1038 amovendam
977 986 1200 1048 ejusmodi
1243 990 1410 1034 erroris
1463 1003 1532 1033 oc-

156 1059 376 1104 casionem
398 1088 415 1114 ,-
458 1056 615 1103 salvis
666 1056 913 1102 Tursellini
934 1085 946 1112 ,
984 1068 1039 1099 ae
1077 1054 1251 1100 Possini
1287 1052 1532 1109 textibus,

154 1122 408 1170 breviorem
429 1154 442 1180 ,
478 1117 747 1179 clariorem,
781 1122 866 1166 sibi
902 1122 1112 1183 perpetuo
1164 1117 1352 1181 similem
1374 1151 1387 1177 ,
1434 1120 1535 1163 uni·-

154 1192 414 1253 versisque‘
449 1186 689 1235 lectoribus
741 1186 872 1250 longe
927 1187 1138 1232 notiorem
1189 1181 1286 1229 dies
1322 1185 1539 1230 mensium

155 1253 426 1302 numerandi
460 1256 679 1300 rationem
714 1268 811 1298 sum
848 1264 1102 1316 sequutus:
1139 1265 1282 1311 neque
1310 1265 1424 1294 enim
1461 1251 1540 1296 vi·-

154 1318 264 1378 de0,
312 1321 556 1385 longiorem
591 1319 720 1365 illam
760 1318 1108 1382 Calendarum,
1159 1317 1439 1373 Nonarum,
1495 1326 1539 1360 et

154 1384 319 1433 Iduum
357 1388 545 1434 vitriani
580 1396 625 1430 et
661 1383 913 1431 volaticam
952 1384 1255 1429 circuitionem
1310 1397 1331 1427 e
1376 1383 1541 1443 priscis

156 1453 456 1498 Romanorum
492 1449 686 1497 moribus
720 1462 804 1495 aut
840 1449 982 1496 ullum
1023 1450 1202 1495 Latinae
1248 1445 1419 1510 linguae
1467 1448 1539 1490 ni-

158 1530 292 1564 torem
348 1531 391 1565 et
443 1528 736 1565 venustatem
753 1546 771 1574 ,-
801 1529 884 1563 aut
919 1529 1006 1578 par
1040 1516 1245 1577 ipsarum
1295 1510 1543 1576 anfractu?

157 1583 321 1647 afferre
356 1583 693 1646 compendium.

228 1664 300 1712 15.
336 1651 564 1696 Praeterea
601 1646 795 1694 nondum
834 1645 943 1693 mihi
978 1644 1167 1707 probari
1201 1646 1349 1708 potuit
1385 1660 1462 1690 seu
1490 1645 1541 1688 in

161 1712 357 1778 Maffejo
405 1718 522 1776 picto
572 1727 712 1778 atque
747 1711 916 1775 polito,
953 1714 1058 1757 sive
1089 1712 1136 1755 in
1174 1714 1385 1775 concinno
1424 1708 1544 1756 Tur-2

161 1781 348 1838 sellino,
387 1782 557 1829 aliisve
592 1780 856 1827 cultissimis
891 1775 1214 1824 recentioribus
1264 1775 1385 1823 illud
1429 1778 1544 1822 scri-

163 1845 297 1892 hendi
327 1862 503 1909 genus,
543 1862 629 1910 quo
666 1844 902 1901 barbara,
940 1856 992 1889 ut
1026 1840 1189 1902 ajunt,
1227 1855 1353 1888 nova
1401 1839 1541 1889 homi-

163 1928 268 1957 num
306 1914 483 1957 nomina
520 1923 563 1958 et
596 1912 858 1975 cognomina
895 1909 1081 1954 Latinis
1121 1905 1291 1970 formis
1339 1909 1408 1952 ita
1448 1908 1544 1971 fle-

166 1990 295 2024 ctunt
330 1990 373 2024 et
410 1977 668 2034 emolliunt,
706 1987 756 2021 ut
790 1974 995 2022 demoliri
1051 1977 1200 2036 potitis
1249 1970 1549 2028 videantur,-

167 2046 286 2090 certe
322 2044 669 2105 perspicuitati,
707 2055 843 2101 quam
882 2041 1038 2086 merito
1082 2041 1278 2100 primam
1327 2039 1548 2083 orationis

168 2108 312 2155 dotem
350 2106 635 2169 praedicant,
672 2107 919 2167 plurimum
966 2104 1320 2150 adversantur.
1375 2103 1439 2148 Et
1492 2115 1547 2151 ut

168 2190 260 2221 rem
296 2177 413 2220 satis
446 2187 525 2234 per
559 2180 604 2220 s'e
635 2173 917 2232 perspicuam
954 2169 1260 2228 exemplorum
1297 2169 1433 2214 etiam
1462 2180 1548 2229 ap-

168 2242 380 2303 positione
414 2239 668 2293 illustrem,
707 2237 932 2296 Hispanis
957 2231 1241 2293 jamdudum
1291 2233 1428 2295 plane
1473 2232 1546 2281 di..

170 2317 312 2352 versit
363 2316 470 2352 sunt
526 2301 695 2367 Diego
730 2314 773 2349 et
796 2297 1094 2413 bSantiago,
1148 2314 1246 2346 cum
1300 2301 1346 2344 in
1399 2312 1547 2355 eorum

861 2379 885 2434 3
1322 2378 1473 2412 monu-
