1781 2889
171 180 690 234 EPISTOLARUM.
710 181 817 231 Lib.
838 184 903 231 ΙΙ.
921 183 1009 247 Ep.
1034 183 1181 233 ΧΧΙ.
1249 197 1343 251 309

37 281 335 332 concionem
371 276 546 338 habui3
596 277 868 340 complures
904 280 1118 342 peccatis
1173 280 1406 343 expiavi;

39 349 220 398 multos
242 346 302 393 ad
340 352 512 406 pacem
535 344 593 396 <Sc
630 346 943 393 concordiam
981 347 1186 395 adduxi.
1229 348 1268 396 E
1292 348 1404 394 Mo-

37 414 153 462 luco
191 412 465 469 decedens,
513 424 569 458 ut
605 411 873 457 amicorum
927 413 1406 476 Neophytorumque

41 477 492 540 complorationem
547 474 756 524 vitarem
813 476 859 522 in
911 477 1150 541 digressu,
1206 479 1409 540 repent&

43 545 209 592 navim
248 543 306 589 de
344 540 502 588 media
539 553 688 589 nocte
725 546 1016 592 conscendi.
1041 545 1225 592 Verum
1263 558 1323 591 ne
1359 543 1408 590 id

42 611 239 674 quidem
275 607 391 672 satis
427 604 518 654 fuit
554 606 615 654 ad
650 604 1012 668 profectionem
1047 625 1209 657 meam
1244 606 1411 657 occul-

37 675 270 724 tandam.
307 674 387 720 Ne
424 671 622 719 multiss
662 672 1005 734 Deprehensus
1042 676 1103 722 ab
1151 675 1243 722 illis
1279 690 1410 722 sum.

43 743 165 790 Tum
205 742 327 787 vero
363 748 627 785 nocturnus
664 737 745 785 ille
771 737 1014 803 digressus
1051 741 1110 788 ab
1146 741 1232 801 iis,
1286 753 1409 803 quos

43 808 245 855 Christo
282 817 569 866 pepereram
594 801 744 861 filiis,
781 803 846 849 sic
868 819 943 854 me
980 806 1182 865 affecit,
1218 818 1272 854 ut
1307 821 1408 852 ma-

40 885 259 937 gnopere
296 884 514 927 vererer,
567 871 627 915 ne
665 868 778 931 quid
816 867 1115 920 incommodi
1153 882 1285 919 meus
1338 869 1410 918 di-

40 952 223 985 scessus
261 932 670 983 afferi-etillorum
707 934 888 984 saluti.
921 938 1050 1003 Ergo
1071 938 1136 985 eis
1173 935 1408 1000 praecepi,

42 1016 97 1050 ut
131 1013 270 1049 certo
306 1000 353 1046 in
406 999 592 1063 templo
631 999 935 1047 Catechismi
991 1002 1411 1051 exercitationem

41 1079 272 1133 urgerent
307 1066 470 1113 cuncti
510 1064 765 1128 quotidie3
806 1066 1062 1131 Neophyti
1099 1081 1266 1116 autem
1305 1068 1411 1115 bre-

43 1149 156 1182 vem
195 1129 417 1194 Symboli
455 1130 883 1192 explicationema
920 1148 996 1181 me
1033 1133 1268 1182 traditam
1308 1132 1409 1181 edi-

47 1207 273 1246 scerent,
309 1196 546 1244 Sacerdos
581 1194 774 1258 quidam
815 1195 948 1258 pius,
996 1198 1215 1262 mihique
1253 1197 1413 1262 persa-s

41 1262 240 1312 miliaris
293 1262 387 1309 hoc
439 1260 651 1322 suscepit
687 1261 874 1320 oneris,
928 1277 983 1310 ut
1034 1267 1100 1312 eis
1138 1280 1222 1325 per
1275 1264 1414 1322 binas

46 1331 190 1378 horas
227 1326 447 1391 quotidie
485 1341 684 1388 operam
721 1327 891 1385 daret,
929 1329 985 1379 &
1021 1328 1173 1377 semel
1211 1329 1258 1375 in
1298 1327 1416 1377 heb-

49 1394 256 1443 domada
293 1392 353 1439 ad
390 1391 731 1440 Lusitanorum
782 1402 956 1441 uxores
995 1394 1054 1442 de
1091 1393 1305 1443 articulis
1359 1393 1415 1440 fi-

45 1461 148 1519 dei,
185 1458 617 1520 Sacramentisque
639 1454 975 1506 Confessionis
1012 1461 1069 1511 &
1103 1458 1416 1510 Eucharistiae

45 1540 320 1575 sermonem
359 1523 594 1570 habereta
984 1581 986 1583 ι

112 1609 161 1655 9.
198 1588 404 1637 Malacae
441 1589 550 1634 cum
589 1601 768 1646 essem,¹
806 1587 1020 1651 perfeci,
1057 1596 1112 1638 ut
1149 1586 1327 1640 mortui
1363 1587 1415 1641 in

46 1655 339 1721 Purgatorio
394 1652 625 1709 cruciati,
676 1651 890 1716 itemque
944 1653 1042 1701 vivi
1076 1654 1252 1703 lethali
1295 1673 1416 1706 con-

49 1721 267 1770 scientiae
307 1718 506 1766 vulnere
543 1716 710 1765 affecti
751 1719 1217 1769 commendarentur
1252 1725 1417 1784 quoti-

49 1786 125 1834 die
160 1785 245 1834 sub
279 1797 481 1832 noctem
533 1796 618 1847 per
651 1784 869 1845 compita
923 1785 1110 1847 piorum
1163 1788 1417 1849 precibus.

52 1851 202 1920 Qod
240 1850 434 1914 quidem
473 1861 530 1896 ut
564 1848 819 1897 excitabat
854 1850 913 1897 ad
951 1849 1189 1913 pietatem
1226 1852 1415 1915 bonOS,

47 1917 122 1965 'ita
160 1914 389 1979 improbis
428 1911 683 1970 injiciebat
719 1928 988 1964 terrorem.
1045 1919 1119 1966 Ad
1171 1933 1278 1966 eam
1311 1936 1416 1968 rem

50 1981 225 2031 civitas
260 1994 446 2028 certum
470 1980 715 2027 'nominem
752 1981 1039 2041 constituit,
1077 1983 1154 2047 qui
1192 1985 1417 2046 quotidie

51 2060 204 2096 noctu
240 2045 394 2095 altera
432 2062 577 2092 manu
614 2045 880 2107 laternam,
918 2046 1073 2097 altera
1111 2048 1416 2098 tintinnabu-

52 2113 152 2161 lum
188 2126 363 2161 tenens
412 2111 572 2159 obiret
625 2112 828 2171 urbem3
882 2113 936 2163 ἃ
988 2113 1037 2160 in
1074 2115 1300 2177 compitis
1355 2132 1415 2164 ac

54 2178 142 2229 viis
194 2177 461 2225 identidem
508 2177 684 2243 magna
721 2193 844 2225 voce
896 2194 1093 2227 carmen
1139 2179 1419 2240 hujusmodi

56 2245 379 2292 decantaret:
422 2247 569 2292 Orate
615 2260 692 2306 pro
728 2247 892 2292 animis
911 2245 1129 2304 fidelium
1181 2247 1415 2295 Christia-

57 2327 245 2371 norum,
283 2314 362 2375 qui
396 2314 442 2358 in
479 2312 754 2377 Purgatorio
790 2323 1089 2377 torquentur.
1126 2312 1322 2363 Deinde
1356 2312 1413 2361 il·

692 2375 737 2423 V
771 2390 798 2443 3
1263 2375 1349 2428 lud
