1781 2889
321 254 395 307 liv
611 251 1305 306 PROLEGOMENA

324 353 418 402 ΕΡ.
454 349 518 400 11.
579 351 626 400 S.
682 352 912 417 Ignatio.
975 352 1236 414 ExscrIpta
1286 364 1362 401 est
1409 350 1438 401 ὲ
1488 364 1567 400 me
1603 363 1668 399 ex

261 420 558 481 Archetypo
595 418 645 466 in
685 418 953 468 ‘rabulatio
975 419 1169 468 Domfis
1192 422 1432 468 Romana:
1451 429 1693 466 servato.-

330 494 362 523 ἢ
404 489 539 533 Dono
575 486 791 550 deinceps
829 487 948 534 data
986 499 1054 534 est
1091 489 1365 535 Bononiensi
1424 491 1474 533 S.
1512 487 1668 532 Luciae

264 554 502 618 Collegio,
542 551 676 614 cujus
713 557 945 601 secretiori
987 556 1037 601 S.
1075 555 1286 600 Xaverii
1325 551 1505 601 Sacello
1560 552 1666 598 reli-

253 622 387 694 giose
425 636 545 667 nunc
580 617 909 667 adservatur.
950 623 1092 667 Hanc
1131 620 1178 666 P.
1219 619 1292 664 M.
1329 616 1532 683 Ignatio
1570 617 1666 664 Lo·

260 686 373 748 101ae
412 688 686 747 inscriptam
724 685 883 748 prodit
937 685 1177 744 Catillus,
1222 683 1393 749 forsan
1450 701 1512 731 ex
1564 700 1666 730 con·
1740 715 1742 717 »

248 754 445 818 Λαίνα
468 781 479 798 .
517 750 744 814 Equidem
780 764 809 796 a
849 752 1068 798 Xaverio
1104 753 1379 813 inscriptam
1433 749 1482 796 S.
1519 746 1667 812 Igna-

261 820 338 869 tio
395 819 646 876 Romam,
695 830 748 864 ut
795 830 863 865 est
898 815 1025 882 apud
1061 818 1333 876 Possinum,
1389 832 1475 862 non
1513 815 1666 881 facil<.²

259 883 536 934 crediderim
560 919 571 930 .
612 887 725 930 Haec
752 884 891 947 praelo
921 897 1247 948 paraveram,
1287 885 1400 947 quin
1436 897 1478 931 et
1515 882 1666 930 eodem

259 955 485 1016 impressa
512 945 621 1011 jam
648 948 821 1014 fuerat
851 951 1073 1014 epistola,
1113 967 1212 997 cum
1247 952 1396 1012 ipsius
1440 963 1668 1015 autogra-

260 1019 402 1084 phum
443 1020 709 1079 Hispanum
759 1020 807 1063 in
859 1017 982 1064 dicto
1022 1016 1200 1065 Sacello
1241 1019 1411 1064 morose
1452 1018 1661 1081 perlegi,

266 1097 312 1133 et
348 1087 570 1134 accurate
607 1084 864 1147 descripsi.
901 1086 1071 1151 Qare
1119 1084 1329 1131 lectorem
1369 1084 1446 1131 hic
1483 1099 1665 1143 moneo,

261 1151 504 1214 epistolam
543 1150 754 1197 exterius
793 1151 1001 1200 Xaverii
1040 1164 1181 1197 manu
1208 1152 1277 1196 ita
1306 1151 1534 1199 inscribi:
1558 1149 1669 1197 Me·

258 1215 383 1264 is‘in
420 1214 619 1265 Christo
662 1213 890 1263 Domino
930 1226 1099 1264 nostro
1154 1212 1386 1263 fratribus
1442 1215 1669 1265 Domino

263 1282 469 1348 Ignatio
523 1293 574 1330 et
630 1280 857 1330 Domino
913 1282 1063 1329 Petro
1120 1281 1350 1330 Codacio
1405 1284 1582 1332 Romae
1619 1280 1709 1328 in.

262 1361 400 1400 turre
467 1345 799 1413 Meranguela
853 1347 982 1410 apud
1039 1348 1317 1396 Dominum
1389 1348 1669 1398 Antonium

261 1416 508 1478 Frerepan
533 1450 545 1463 .
584 1418 712 1463 Hinc
749 1429 794 1463 et
822 1429 1099 1480 germanam
1154 1417 1352 1479 epistolae
1406 1419 1667 1481 inscriptio-

259 1499 360 1531 nem
398 1485 645 1542 discimus,
682 1496 724 1531 et
761 1483 1007 1530 secundam
1062 1484 1213 1531 Romae
1253 1484 1543 1549 jesuitarum
1597 1500 1667 1530 se-

259 1549 393 1609 dem,
435 1556 482 1596 in
520 1563 660 1615 quam
699 1566 720 1598 e
752 1549 879 1596 domo
916 1553 1152 1612 vineaque
1191 1552 1387 1618 Qirini
1429 1553 1665 1598 Garzonii

259 1620 654 1683 commigrarant.
708 1621 869 1685 Qam
925 1619 1171 1664 Xaverius
1225 1620 1395 1664 turrim
1462 1617 1666 1664 Meran-

255 1681 439 1748 guela,
479 1683 682 1731 eamdem
721 1696 864 1731 vocat
902 1685 1160 1730 Nolam-ius
1198 1685 1245 1729 in
1282 1687 1392 1730 vita
1433 1685 1489 1731 S.·
1518 1688 1664 1749 Igna-

260 1753 316 1797 tii
352 1766 452 1813 cap.
494 1767 568 1815 14.
607 1746 941 1816 Melangolo,
980 1753 1214 1814 situmque
1241 1752 1312 1798 ait
1348 1752 1394 1796 in
1432 1751 1604 1815 angulo
1635 1763 1667 1797 a

262 1819 312 1865 S.
352 1816 620 1864 catharina
673 1816 731 1864 de
788 1820 1005 1864 funariis
1058 1817 1123 1864 ad
1164 1814 1323 1880 forum
1384 1817 1666 1881 Margana.

258 1884 402 1931 Porro
443 1903 540 1948 quoe
581 1886 796 1931 l’ossinus
830 1887 974 1948 primo
1011 1885 1209 1947 epistolae
1247 1900 1433 1930 numero
1486 1884 1544 1931 de
1596 1899 1667 1930 co-

257 1950 392 1997 loniis
428 1964 471 1998 et
507 1953 826 2012 metropolibus
861 1950 990 1998 dicta
1028 1954 1219 2016 Ignatio
1244 1951 1460 2011 ¹tribuit,
1498 1953 1545 1997 in
1579 1964 1665 1997 au-

256 2017 484 2082 tographo
519 2017 888 2075 desiderantur‚·
926 2016 1200 2066 indicantur
1236 2031 1390 2065 autem
1446 2021 1493 2063 in
1544 2014 1666 2063 hunc

255 2084 434 2131 modum
474 2085 752 2132 brevissime
778 2103 792 2132 .·
849 2084 1083 2146 Superest
1123 2099 1178 2131 ut
1217 2083 1312 2131 hoc
1350 2082 1534 2147 exiguo
1571 2096 1664 2129 no·

255 2149 327 2197 bis
381 2148 570 2215 reliquo
610 2149 722 2200 vitae
760 2164 1016 2213 tempore,
1069 2149 1250 2199 crebris
1302 2147 1515 2197 invicem
1570 2162 1659 2196 nos

257 2215 483 2278 epistolis
552 2216 948 2280 conepiciamus:
1007 2231 1104 2284 ego
1159 2216 1359 2283 quidem
1413 2226 1469 2263 ut
1542 2212 1661 2262 mihi

260 2281 543 2342 mandatis,
600 2283 670 2332 ita
727 2281 908 2332 faciam
965 2295 1164 2332 servato
1219 2280 1484 2331 filiolarum
1522 2295 1663 2330 more

259 2347 546 2415 frequenter
598 2349 875 2399 scribendi.
932 2350 1089 2398 Tanta
1145 2349 1237 2397 haec
1290 2348 1575 2413 autographi
1628 2362 1661 2396 a

260 2417 534 2466 Possimana
573 2422 786 2466 versione
836 2418 1106 2482 differentia
1142 2414 1250 2464 inde
1287 2414 1482 2464 videtur
1522 2429 1661 2462 exor-

1505 2492 1587 2542 ta,
