1781 2889
416 185 481 236 82
649 186 701 236 S.
734 182 1101 238 FRANCISCI
1138 181 1432 235 XAVERII

351 282 457 332 haec
491 280 757 344 praecipuas
793 283 1048 334 orationes
1083 284 1229 333 Pater
1275 294 1472 340 noster,
1521 277 1582 335 δε
1626 279 1735 338 Ave

351 346 552 406 Maria,
604 348 699 398 illis
734 347 1142 413 subsequentibus
1178 348 1342 413 praeire
1378 347 1554 397 soleo,
1612 345 1736 397 Inde

356 413 585 478 Symboli
619 412 855 463 articulos
889 414 958 464 sic
993 415 1256 476 iteramus,
1310 428 1364 464 ut
1399 414 1462 462 ad
1496 410 1734 478 singulos,

353 480 542 544 pariter
580 482 728 530 Pater
763 479 821 531 δι
859 481 999 540 Ave,
1035 497 1146 530 cum
1183 495 1322 531 certo
1359 479 1580 529 carmine
1616 476 1736 528 reci-

353 558 515 595 temus
539 582 551 594 .
590 548 722 596 Nam
759 544 917 607 primo
950 546 1062 595 fidei
1094 547 1259 611 capite
1279 548 1580 605 decantato,
1617 548 1735 593 mox‘

351 609 519 676 patrio
556 611 771 677 ipsorum
807 626 1034 661 sermone
1063 612 1158 662 hoc
1179 628 1340 676 praeeo
1376 628 1609 662 carmen:
1637 611 1734 677 JE-

354 681 438 727 SU
471 678 564 726 Fili
602 683 697 728 Dei
733 680 848 727 vivi
884 680 948 728 da
985 679 1142 740 nohis,
1197 692 1248 729 ut
1283 679 1361 729 hoc
1395 684 1586 744 primum
1608 676 1735 741 fidei

353 756 444 792 tuae
480 759 620 809 caput
652 748 794 810 plane?
831 746 1072 794 credamus
1094 763 1109 794 .·
1164 746 1285 811 quod
1319 749 1404 795 abs
1440 758 1513 807 te,
1566 759 1614 792 ut
1648 748 1734 792 >im·

352 825 613 876 petremus,
650 813 769 860 hanc
805 813 890 859 tibi
922 817 1226 878 precationem
1263 813 1491 878 offerimus
1525 812 1554 859 ὰ
1591 824 1633 858 te
1667 813 1735 875 ip-

351 893 400 924 so
435 879 731 927 institutam,
784 878 908 928 Inde
944 878 1159 928 alterum
1206 876 1480 939 hujusmodi
1535 890 1736 925 carmen

352 939 664 999 subjicimus:
723 948 900 995 Sancta
937 950 1101 994 Maria
1137 948 1301 996 Mater
1356 946 1547 998 Domini
1593 946 1740 996 nostri

341 1011 512 1076 JESU
554 1010 759 1071 Christi,
796 1015 993 1076 impetra
1028 1014 1155 1061 nobis
1192 1014 1220 1060 ὰ
1257 1027 1332 1061 tuo
1368 1012 1627 1061 dulcissimo
1665 1012 1737 1056 Fi-

355 1078 441 1134 lio,
469 1089 521 1124 ut
553 1081 651 1126 sine
684 1080 781 1126 ulla
816 1079 1104 1128 dubitatione
1139 1079 1257 1127 hunc
1293 1078 1574 1127 Christianae
1609 1075 1736 1124 Fidei

341 1143 599 1191 tredamus·
633 1146 881 1193 articulum
902 1180 913 1191 .
950 1146 1188 1195 Eamdem
1226 1144 1371 1208 plani:
1405 1140 1652 1191 rationem
1687 1139 1737 1189 in

347 1206 550 1273 reliquis
585 1209 812 1258 undecim
851 1210 1076 1272 Symboli
1110 1211 1352 1275 capitibus
1387 1222 1610 1258 tenemus
1632 1243 1643 1254 .

417 1293 465 1340 4.
481 1273 729 1341 Decalogi
743 1275 921 1326 deinde
941 1291 1188 1342 praecepta
1209 1276 1513 1326 inculcamus
1527 1274 1585 1321 ad
1602 1274 1730 1323 hunc

350 1340 567 1390 maxime
603 1344 834 1391 modum.
871 1345 1079 1394 Primum
1117 1357 1448 1408 praeceptum,
1487 1339 1618 1404 quod
1657 1352 1732 1388 est

351 1407 415 1455 de
452 1406 709 1473 diligendo
748 1410 926 1470 DEO,
982 1411 1064 1459 ubi
1099 1411 1283 1474 pariter
1331 1405 1729 1465 decantavimus,

348 1475 422 1522 ita
455 1473 599 1522 simul
634 1490 916 1538 precamur:
943 1479 1109 1544 JESU
1143 1478 1328 1526 Christe
1368 1477 1455 1524 fili
1492 1475 1616 1522 DEI
1651 1474 1731 1526 vi-

351 1543 435 1600 vi,
472 1541 535 1588 da
571 1541 650 1589 hoc
687 1544 843 1601 nohis,
891 1558 942 1592 ut
979 1558 1023 1591 te
1058 1558 1221 1607 praeter
1258 1556 1407 1591 cetera
1443 1540 1728 1606 diligamus:

350 1606 624 1671 statimque
661 1608 724 1656 ad
778 1623 889 1657 eam
926 1624 1028 1657 rem
1068 1607 1394 1658 Dominicam
1449 1605 1734 1659 adhibemus

351 1673 690 1722 Orationem.
738 1675 864 1723 Mox
901 1672 1141 1734 ejusmodi
1177 1691 1375 1726 carmen
1413 1676 1510 1723 una
1559 1685 1731 1723 omnes

349 1739 610 1789 canimus:
653 1742 831 1789 Sancta
870 1746 1062 1802 Maria,
1117 1758 1264 1792 mater
1307 1743 1472 1809 jESU
1521 1739 1731 1795 Christi,

350 1809 550 1870 impetra
587 1806 712 1854 nohis
747 1809 775 1856 ὰ
815 1810 925 1856 Filio
963 1822 1069 1868 tu0‚
1118 1823 1169 1858 ut
1202 1813 1397 1874 primum
1435 1805 1536 1869 ejus
1567 1819 1731 1870 praecc-

351 1886 483 1935 ptum
519 1891 758 1921 servemus
792 1875 947 1924 sedulo
971 1894 987 1924 .·
1024 1875 1145 1924 Inde
1180 1874 1530 1923 salutationem
1567 1873 1730 1934 Ange-

352 1937 503 1987 licam
538 1936 823 1997 adjicimus.
858 1940 1044 1989 Eadem
1079 1941 1208 1991 ratio
1245 1942 1293 1990 in
1323 1939 1515 2002 reliquis
1544 1949 1724 2006 novem

350 2005 610 2068 praeceptis
646 2017 893 2066 servatur,
945 2008 1239 2056 carminibus
1285 2006 1377 2056 illis
1428 2001 1729 2054 intercalari-

349 2072 440 2119 bus
491 2070 786 2135 paullulum,
833 2085 889 2122 ut
940 2090 1012 2124 res
1082 2074 1185 2138 ipsa
1239 2071 1364 2132 fert,
1429 2069 1731 2121 immutatis.

352 2140 478 2186 Haec
514 2151 657 2198 sunt,
711 2155 816 2203 quae
853 2140 1043 2188 usitatis
1080 2140 1300 2204 precibus
1335 2138 1443 2187 illos
1487 2147 1656 2200 petere
1702 2137 1731 2184 ἐι

354 2205 505 2253 1)Εο
541 2202 843 2255 assuefacio:
878 2220 1029 2272 atque
1066 2207 1336 2256 identidem
1363 2205 1430 2252 eis
1453 2202 1727 2260 denuncio,

349 2269 388 2318 si
425 2270 526 2320 haec
564 2272 963 2335 impetraverint.
1002 2273 1190 2341 reliqua
1223 2272 1374 2322 etiam
1405 2267 1728 2328 cumulatius,

349 2338 500 2403 quam
535 2336 625 2403 ipsi
658 2351 832 2404 petere
877 2341 1098 2404 possint,
1149 2350 1528 2390 consecuturos.
1567 2337 1728 2450 {Con-

1590 2417 1657 2450 es-
