1781 2889
239 164 907 224 EPISTOLAR-UMszib.
934 165 981 214 1.
1016 165 1104 228 Eps
1130 164 1249 213 VII.
1316 181 1373 236 31

69 264 298 326 vers-affl,
333 274 486 314 tantae
534 260 733 326 pietatis
785 276 939 322 esses
966 272 1166 327 quantaej,
1217 257 1446 326 profecto

69 338 146 382 est
181 332 358 380 docere
392 328 531 387 illos,
570 328 651 396 qui
687 344 745 378 ea
782 327 943 377 solum
977 328 1038 378 de
1072 327 1218 376 c'ausa
1264 325 1461 374 discere·

67 395 295 459 cupiunt,
333 406 388 443 ut
423 394 621 443 Christo
660 394 883 445 Domino
919 405 1093 443 nostro
1123 392 1268 441 unice
1304 391 1452 440 inser·

72 463 248 512 viante
299 459 506 510 Proinde
559 475 659 508 non
713 475 770 509 ea
820 458 1137 510 miseratione
1173 458 1244 507 Te
1290 470 1455 519 prose-

72 542 223 593 quor,
251 541 345 590 qua
382 535 708 589 prosequerer
742 525 995 591 equidem,
1029 522 1064 571 si
1100 522 1252 573 modo
1286 520 1455 571 existi-2

77 606 290 651 marem,
327 590 747 655 praestantissimas
799 590 904 640 illas
957 591 1130 649 dotes,
1178 587 1350 653 quibus
1386 588 1459 636 Te

75 656 296 707 Christus
334 656 578 706 Dominus
630 668 859 706 ornatum
896 654 1087 714 voluit,
1135 668 1164 702 a
1199 654 1303 714 Te,
1349 660 1459 702 tan'-

78 738 228 789 quam
286 737 314 771 a
351 721 483 771 fideli
531 736 701 781 serv0,
756 738 854 771 non
904 720 1160 781 adhiberi3
1213 734 1323 767 cum
1373 728 1457 767 ex*

79 788 331 852 ploratum
369 788 604 848 habeam,
643 784 793 846 majus
831 784 936 836 fore
969 785 1148 835 laboris
1182 783 1458 847 praemium,

82 869 229 917 quam
268 852 419 902 fuerit
455 854 517 901 ad
552 852 926 916 promerendum
962 850 1079 900 illud
1116 850 1337 901 adhibita
1381 849 1461 896 de·-

84 919 347 987 fatigatio‚
409 921 591 984 quando
644 933 778 981 super
829 921 975 968 multa
1028 921 1114 966 erit
1159 920 1462 972 constitutus,

86 990 248 1051 quiin
284 984 449 1033 modico
484 984 585 1049 fuit
621 985 812 1047 fidelis.
847 981 998 1050 Qod
1043 981 1080 1028 si
1132 980 1220 1029 tibi
1270 980 1465 1029 labores

86 1053 138 1101 in
174 1049 430 1113 praesentia
465 1061 732 1097 occurrunt
767 1047 817 1095 in
868 1047 1093 1097 habenda
1145 1044 1466 1108 praelectione

90 1115 256 1180 aliqua
289 1127 467 1176 praeter
503 1112 731 1173 solitum,
769 1114 863 1161 hoc
899 1127 1056 1160 rursus
1108 1111 1289 1160 addere
1341 1110 1466 1158 vires

93 1183 273 1237 debet,
311 1191 366 1226 ut
400 1177 718 1227 libentissime
764 1177 985 1226 laborem
1036 1176 1184 1225 istum
1233 1190 1469 1233 assumas,

92 1247 131 1296 si
170 1242 394 1293 nimirum
430 1256 596 1294 tecum
631 1244 733 1307 ipse
768 1255 998 1305 reputes,
1034 1241 1190 1290 minus
1244 1240 1471 1304 aliquan-

96 1312 160 1363 do
195 1310 474 1370 laborasse,
512 1326 656 1374 quam
690 1308 982 1358 excellentis
1035 1305 1214 1373 ingenii
1265 1309 1339 1355 tui
1386 1305 1473 1356 do·

96 1391 213 1426 num
266 1374 602 1437 deposcebat:
656 1375 713 1427 ὅ(
766 1376 846 1440 qui
909 1374 971 1423 de
1024 1373 1158 1424 bono
1206 1373 1473 1438 gaudemus

100 1455 224 1501 tuo,
253 1440 454 1491 mirifice
488 1440 737 1500 laetamur,
770 1440 902 1505 quod
936 1439 1140 1505 antiqua
1175 1438 1342 1487 debita
1379 1439 1474 1486 hoc,

103 1508 253 1556 modo
289 1506 545 1566 exsolvam,
582 1521 741 1572 neque
790 1506 874 1554 illa
925 1505 1020 1555 tuis
1074 1504 1326 1555 heredibus
1379 1502 1476 1551 sol-

101 1572 263 1622 venda
299 1570 569 1638 relinquas;
625 1570 766 1621 multi
817 1570 951 1623 enim
1003 1585 1176 1634 poenas
1220 1569 1268 1617 in
1312 1567 1479 1618 futura

103 1638 209 1686 vita
261 1636 436 1696 luunt>
491 1637 622 1702 quod
674 1637 965 1687 testamenti
1008 1634 1315 1685 curatoribus
1375 1632 1481 1696 plus

100 1700 233 1763 justo
269 1702 440 1751 confisi
476 1702 693 1752 fuerint:
735 1705 785 1751 ώ-
820 1703 916 1751 ideo
951 1701 1219 1751 horrendum
1256 1714 1324 1749 est
1369 1703 1480 1746 inci-

101 1770 209 1818 dere
244 1771 291 1815 in
327 1784 488 1817 manus
540 1773 632 1817 Dei
686 1772 931 1828 viventis,
977 1770 1229 1833 pra-sertim
1276 1769 1323 1813 in
1375 1763 1478 1813 red-

104 1834 257 1883 denda
293 1836 600 1882 villicationis
635 1837 837 1881 ratione.

177 1915 220 1948 2.
255 1898 397 1948 Faxit
424 1901 589 1960 DeuS‚
615 1897 691 1946 cui
729 1897 914 1962 placuit
947 1909 1050 1947 tam
1084 1894 1356 1948 liberaliter
1376 1909 1486 1943 eam

107 1964 203 2015 tibi
240 1962 478 2013 doctrinae
514 1964 706 2029 copiam
759 1965 1065 2024 concedere,
1121 1979 1267 2028 quam
1320 1965 1485 2026 posses

113 2026 306 2080 caeteris
358 2027 574 2095 elargiri,
612 2042 672 2078 ut
707 2030 779 2078 Tu
830 2030 1016 2094 pariter
1062 2028 1275 2078 liberalis
1328 2026 1388 2076 sis
1438 2024 1487 2078 in

116 2097 290 2144 eadem
326 2094 397 2143 his
449 2095 795 2158 impertienda,
843 2095 924 2160 qui
969 2093 1318 2144 tantummodo
1367 2089 1490 2138 scire

113 2171 301 2220 avent,
336 2174 394 2211 ut
429 2159 658 2209 Creatori
694 2159 934 2219 serviant,
971 2176 1029 2210 ac
1069 2160 1293 2210 Domino
1328 2170 1490 2206 rerum

120 2223 366 2297 omnium,
403 2226 658 2289 proposita
694 2225 784 2276 tibi
837 2226 901 2276 ob
948 2224 1118 2276 oculos
1168 2223 1329 2274 divina
1381 2219 1491 2288 glo·

115 2305 218 2353 ria,
255 2291 313 2346 &
344 2289 558 2352 ejusdem
594 2292 938 2343 incremento:
992 2290 1259 2343 certissime
1289 2288 1490 2405 dqtgpp:

512 2372 516 2376 ⁴
1322 2369 1349 2405 a
1383 2366 1423 2402 ιε
