1781 2889
390 231 532 297 lxviii
684 231 1383 285 P'ROLEGOMENA

329 329 388 381 ὅτ,
441 325 867 391 imperfectissima
922 331 1217 395 compendia
1274 332 1335 380 ad
1392 326 1718 380 Tursellinum

330 398 360 444 ὲ
397 397 613 460 quodam
652 397 836 446 Goano
872 399 1015 448 Patre
1051 398 1195 448 fuisse
1233 399 1407 448 missa.

400 468 433 496 ’(-
474 465 580 510 Nm
618 461 757 524 hujus
791 466 997 521 secundae
1033 463 1626 530 epzstolae,sedundec1mae
1661 461 1719 509 li-

327 528 468 593 bri4.
489 543 754 595 excerptum
793 531 1024 596 quoddam
1045 551 1137 581 esse
1160 533 1413 596 Epistolam
1445 534 1640 594 primam
1661 529 1719 575 li-

328 595 465 661 brig.
485 628 498 654 ,
521 600 598 656 qui
620 596 869 659 ailigenter
904 614 981 645 eas
1017 600 1258 645 contulerit
1280 597 1458 664 ,szcilci
1485 594 1720 645 concedet.

395 663 485 715 ΕΡ.
521 662 615 709 III.
638 663 719 709 PP.
742 662 1233 717 Conimbricensibus
1256 666 1368 715 Soc.
1393 665 1541 732 Jesu.
1565 658 1740 719 Hujus.

330 727 586 788 exemplar
623 727 857 799 accepia
899 731 962 778 R.
1001 731 1051 778 P.
1084 731 1284 792 Joanne
1341 729 1402 778 de
1456 727 1720 787 Βιὶεςιειει,

327 794 538 850 Romae,
575 809 682 840 cum
720 809 756 840 is
802 781 986 843 rediret
1021 796 1045 843 ὲ
1085 794 1367 855 Lusitania,
1408 800 1507 859 quo
1559 792 1724 842 fuerat

328 875 356 906 a
395 860 457 908 R.
495 860 544 912 P.
583 861 650 906 N.
684 860 947 918 Gosvvino
1003 860 1186 910 Nichel
1242 862 1507 925 Praeposito
1558 862 1726 910 Gene-

326 923 418 971 rali
460 925 732 980 Societatis
765 926 884 991 Jesu
924 928 1173 977 Visitator
1210 944 1408 984 missus.
1453 928 1724 986 Maximam

324 988 427 1048 ejus
464 1003 655 1052 partem
683 993 866 1040 dudum
897 995 1121 1044 ediderat
1154 996 1377 1060 Joannes
1397 996 1565 1044 Petrus
1595 991 1725 1041 Maf-

323 1054 450 1122 fejus
490 1059 679 1115 Noster
716 1059 797 1106 lib.
840 1077 877 1109 1.
924 1061 1254 1124 Epistolarum
1292 1077 1352 1110 ex
1391 1057 1531 1114 India
1570 1059 1722 1124 Epist.

332 1138 373 1175 1.
414 1140 520 1188 quae
558 1124 657 1173 iilic
695 1125 1004 1188 inscribitur,
1044 1129 1102 1174 ad
1145 1128 1320 1179 Socios
1354 1125 1402 1174 in
1440 1128 1724 1189 Europam..

325 1205 437 1262 cum
475 1190 523 1239 in
565 1192 756 1248 Nostro
794 1193 1079 1254 Exemplari
1117 1196 1202 1243 PP.
1240 1195 1296 1245 &
1333 1195 1444 1242 FFr.
1498 1192 1723 1242 Societa-

324 1255 388 1306 tis
436 1257 556 1321 Jesu
615 1259 1102 1309 Conimbricensibus
1156 1260 1476 1317 inscribatur.
1513 1261 1724 1323 Propter

324 1339 471 1384 quam
510 1336 680 1380 tamen
710 1325 1072 1385 diversitatem,
1113 1326 1278 1393 exigui
1316 1324 1591 1385 momenti,
1621 1341 1721 1375 non

325 1390 394 1439 fui
449 1407 592 1451 novae
648 1392 1084 1455 Interpretationis
1141 1409 1345 1456 operam
1412 1403 1722 1454 sumpturuS.

324 1458 506 1513 Verum
565 1473 624 1506 ex
681 1458 956 1508 collatione
993 1460 1295 1523 deprehendi
1351 1470 1427 1517 sat
1476 1457 1635 1506 multa
1670 1458 1720 1508 in

325 1539 384 1575 ea
424 1522 699 1585 Maffejana
736 1526 968 1575 Editione
1006 1543 1107 1575 non
1143 1540 1464 1598 comparere,
1521 1539 1719 1587 praeser·

319 1590 410 1639 tim
464 1602 632 1638 autem
690 1592 1062 1654 praetermissum
1118 1591 1287 1641 locum
1339 1591 1584 1656 insignem
1655 1592 1719 1642 de

322 1655 486 1722 gratia
521 1656 818 1719 sufficienti,
856 1675 1001 1733 quarn
1051 1676 1162 1708 cum
1214 1657 1403 1709 Haeresi
1434 1629 1719 1720 &Jansenia-

322 1738 385 1770 na
424 1739 580 1785 nuper
617 1738 794 1773 exorta
831 1725 1054 1785 rejiciat,
1093 1726 1327 1774 interesse
1384 1723 1577 1787 publice
1630 1741 1717 1787 pu-

322 1787 464 1848 tavi,
486 1790 813 1840 demonstrari
848 1791 960 1864 quid
999 1793 1058 1840 de
1096 1791 1180 1842 illa
1217 1788 1551 1842 credideritS.
1574 1791 1718 1839 Fran-

320 1854 474 1902 ciscus
512 1858 961 1919 Xaveriu3,cu1us
998 1859 1144 1908 fidem
1183 1871 1264 1908 tot
1301 1874 1359 1907 ac
1396 1856 1547 1906 tantis
1601 1856 1715 1905 insi-

319 1920 493 1994 guibus
543 1922 787 1977 miraculis
843 1926 961 1974 Deo
1014 1924 1202 1988 placuit
1254 1924 1528 1989 approbare
1568 1959 1580 1971 .
1640 1926 1714 1972 Ac

320 2003 434 2050 quia
484 1988 755 2050 periculum
807 2005 913 2045 esse
968 1992 1117 2042 video
1166 2008 1227 2041 ne
1283 1994 1528 2048 damnatae
1564 2002 1713 2038 sectae

317 2053 545 2103 Partiarii
601 2071 720 2108 meae
780 2058 1197 2131 Interpretationi
1251 2057 1358 2107 falsi
1411 2054 1711 2109 calumniam

317 2118 605 2177 intentent,
666 2123 817 2172 verba
870 2123 973 2186 ipsa
1028 2125 1312 2181 Lusitanica
1352 2135 1502 2188 prout
1539 2122 1712 2171 Sancti

317 2187 524 2236 Xaverii
579 2204 725 2236 manu
783 2203 989 2246 exarata
1044 2192 1093 2240 in
1149 2189 1522 2263 Autograph0‚
1578 2189 1709 2237 unde

315 2268 479 2302 meum
518 2255 773 2317 exemplar
811 2257 1121 2329 'exscriptum
1177 2270 1281 2319 est,
1336 2255 1591 2315 visuntur,
1630 2251 1712 2304 hic

315 2334 606 2381 apponam.
645 2323 721 2372 Sic
757 2322 905 2388 igitur
943 2340 994 2373 se
1032 2325 1252 2372 habent:
1307 2325 1347 2370 E
1383 2327 1478 2386 pois
1514 2322 1541 2368 ἁ
1579 2287 1706 2370 ³toa'05

316 2388 441 2435 Deos
478 2391 629 2436 Nosso
682 2392 852 2456 Signor
909 2391 974 2441 da
1025 2395 1186 2454 Grafa
1238 2386 1494 2457 suffimente
1526 2402 1646 2451 pata
1682 2392 1708 2436 ὸ

1544 2472 1641 2514 57-
