1781 2889
353 244 448 294 216
585 241 636 289 S.
677 237 1052 289 FRANCISCI
1090 232 1382 290 XAVERII

283 338 466 388 tentim
508 338 564 389 ὅ(
600 336 796 384 attente
833 335 1194 397 pronunciata,
1245 335 1512 403 subjungat
1559 337 1662 387 haec

284 405 435 452 verba
462 404 599 452 :dicit
622 404 760 450 Deus
784 400 1033 449 Dominus
1059 405 1248 452 Noster
1267 435 1279 463 ,
1297 419 1381 452 eos
1402 403 1482 467 qui
1503 403 1667 453 obser-

286 472 471 518 vabunt
507 469 562 518 &
600 481 750 529 opere
786 465 1059 528 implebunt
1084 468 1174 516 ista
1209 470 1378 517 decem
1400 471 1664 531 mandata,

288 538 440 585 ituros
475 534 522 580 in
561 533 870 590 Paradisum,
909 533 990 580 ubi
1026 535 1211 583 summa
1243 533 1485 585 felicitate
1521 549 1663 585 aeter-

282 606 396 649 num
443 597 787 662 perfruantur.
827 597 970 646 Dicit
1008 600 1146 648 Deus
1170 601 1412 650 Dominus
1453 604 1663 662 Noster,

283 681 367 716 eos
410 665 492 730 qui
542 680 641 712 non
691 665 1027 713 observabunt
1078 666 1136 717 &
1188 682 1335 729 opere
1388 668 1665 731 implebunt
1713 702 1715 704 -

285 734 378 781 ista
420 734 592 780 decern
632 732 900 790 mandata,
955 731 1108 780 ituros
1147 731 1193 779 in
1259 731 1530 795 infernum,
1583 734 1679 782 ubi.

288 800 601 862 sempiternis
638 797 936 847 cruciabitus
973 799 1372 862 torquebuntur.

355 884 395 931 5.
432 865 598 914 Addat
620 865 890 914 Orationes
928 864 1011 911 has
1048 865 1165 912 duas
1207 865 1267 912 ad
1305 865 1666 929 impetrandam

283 932 693 982 observationem
736 930 1095 979 Mandatorum
1135 930 1257 979 Dei.

353 1002 402 1049 6.
441 999 549 1048 Oro
607 1010 658 1046 te
725 997 780 1048 &
843 996 1049 1045 obsecro
1118 996 1338 1046 Domine
1391 996 1456 1045 mi
1507 997 1669 1062 JESU

284 1065 517 1124 Christe,
556 1063 613 1110 da
653 1063 767 1112 mihi
819 1062 1028 1128 gratiam
1078 1064 1223 1112 hodie
1262 1064 1318 1115 ὅτ
1371 1077 1487 1113 toto
1542 1077 1669 1112 tem-
1729 1123 1733 1128 ῃ

287 1147 409 1197 pore
447 1131 559 1179 vitae
598 1146 717 1179 meae
755 1127 978 1193 perfecti:
1026 1130 1320 1179 observandi
1357 1131 1460 1179 haec
1495 1129 1669 1180 decem

285 1211 569 1262 praecepta.

352 1281 397 1329 7.
435 1266 544 1313 Oro
583 1263 640 1314 &
678 1261 887 1313 obsecro
939 1273 989 1310 te
1046 1261 1271 1311 Domina
1318 1277 1427 1311 mea
1483 1263 1669 1311 Sancta

286 1329 476 1391 Maria,
513 1329 770 1377 intercede
791 1344 880 1389 pro
919 1345 994 1376 me
1016 1329 1142 1392 apud
1178 1341 1317 1376 tuum
1351 1328 1668 1377 benedictum

286 1396 455 1445 Filium
491 1396 715 1459 JESUM
752 1394 1027 1454 Christum,
1066 1396 1124 1446 δι
1171 1394 1378 1458 impetra
1415 1394 1477 1442 ab
1515 1410 1576 1442 eo
1613 1406 1670 1442 ut

286 1462 404 1510 mihi
443 1463 530 1510 det
568 1460 714 1509 hodie
750 1461 806 1511 ὃζ
840 1472 954 1509 toto
992 1473 1216 1522 tempore
1254 1461 1367 1509 vitae
1405 1477 1523 1508 meae
1559 1476 1668 1525 gra-

286 1531 407 1577 tiam
467 1525 689 1592 perfecte
744 1527 1042 1576 observandi
1093 1528 1193 1576 haec
1242 1527 1414 1576 decem
1467 1528 1667 1575 manda-

283 1607 365 1644 ta.
406 1598 599 1644 Amen.

349 1662 395 1710 8.
432 1658 731 1709 Pronunciet
783 1669 959 1722 postca
996 1674 1106 1706 cum
1162 1658 1351 1708 devota
1386 1656 1542 1707 cordis
1590 1669 1665 1706 at-

280 1726 513 1777 tentione
560 1728 688 1774 hanc
737 1724 1021 1774 orationem
1058 1724 1119 1772 ad
1159 1727 1325 1773 Deum
1386 1724 1664 1774 Dominum

284 1796 526 1844 Nostrum
549 1830 561 1842 .

346 1879 394 1926 9.
436 1862 572 1909 Deus
595 1873 727 1906 meus
766 1855 1128 1921 Omnipotens,
1155 1859 1301 1907 Pater
1321 1858 1496 1906 animae
1520 1872 1662 1914 meae,

285 1928 501 1976 Creator
538 1926 876 1974 universorum
932 1940 1037 1988 quae
1093 1925 1142 1971 in
1198 1925 1382 1973 mundo
1419 1935 1558 1973 sunt:
1615 1921 1666 1968 in

289 1994 360 2042 Te
399 1995 536 2041 Deus
575 1992 630 2043 &
668 1991 915 2049 Domine,
954 1994 1001 2038 in
1039 2006 1138 2054 quo
1176 2003 1342 2040 totum
1381 2000 1547 2039 meum
1578 1987 1666 2035 bo-

288 2074 405 2107 num
442 2059 588 2107 situm
627 2070 732 2116 est,
790 2058 1111 2105 certissimam
1149 2057 1379 2105 fiduciam
1430 2054 1669 2113 colloco;

288 2126 363 2178 δι(
401 2125 504 2173 sine
559 2122 658 2172 ulla
720 2123 1036 2173 dubitatione
1089 2138 1259 2183 spero,
1327 2137 1403 2170 me
1453 2119 1668 2168 salutem

287 2204 527 2241 aeternam
565 2202 945 2239 consecuturum
982 2193 1010 2238 a
1058 2191 1143 2241 tua
1178 2188 1340 2255 gratia
1375 2201 1458 2249 per
1494 2186 1667 2234 merita

290 2257 485 2307 infinita
522 2256 690 2306 mortis
727 2258 784 2309 ὃς
839 2255 1078 2304 Passionis
1119 2254 1323 2305 Domini
1356 2251 1453 2301 mei
1503 2251 1666 2316 jESU

287 2324 506 2383 Christi,
572 2322 887 2389 quantumvis
943 2336 1153 2385 peccata
1206 2337 1310 2384 quae
1362 2317 1583 2368 commisi
1635 2320 1665 2367 ὲ

286 2391 459 2442 tenera
494 2403 647 2441 aetate
694 2390 807 2440 mei
852 2404 1002 2456 usque
1038 2388 1100 2437 ad
1134 2389 1262 2438 hunc
1299 2384 1459 2447 diem,
1516 2382 1664 2435 valde

1494 2466 1597 2501 ma-
