1781 2889
469 181 565 238 IN
617 178 1238 240 8,XAVER1UM.
1358 179 1478 232 xxix

795 280 911 339 11,

398 377 402 381 ·
463 361 758 423 HORATH
829 358 1242 413 TURSELLINI

173 445 238 494 lh]
287 440 597 498 EPISTOLAS
658 443 873 484 SANCTI
924 444 1239 486 FRANCISCI
1290 444 1542 487 XAVERII

621 516 791 561 Latin&
832 529 1080 562 conversas

216 597 352 675 AD
409 595 987 669 FRANCRSCUM
1041 596 1493 677 TOLETUM

557 688 603 733 s.
641 688 704 736 R.
740 686 797 735 E.
831 687 1144 749 cardinalem

469 847 1232 901 PRAEFATIO,

251 1005 512 1055 Ertexenti
547 1004 661 1052 mihi
696 1004 938 1066 Francisci
973 1004 1179 1063 Xaverii
1214 1005 1540 1068 viamen}

191 1131 193 1133 Ι
283 1071 456 1119 dinalis
504 1070 838 1132 Amplissime‚
876 1073 1093 1133 plurimae
1141 1069 1275 1131 ejuS,
1315 1075 1539 1135 pulcher-

161 1138 392 1200 rimaeque
442 1135 672 1199 Epistolae
713 1151 760 1184 se
809 1135 1128 1200 obtulerunt:
1166 1153 1284 1199 quas
1319 1140 1425 1204 Ego
1448 1140 1542 1188 his-

160 1203 302 1263 toriae
353 1202 476 1249 haud
514 1216 756 1267 quaquam
798 1203 1089 1261 intexendas
1126 1202 1432 1266 existimavi,
1478 1208 1540 1255 ne

161 1267 303 1330 nimis
356 1266 553 1330 spissum
611 1268 832 1316 facerent
885 1284 1036 1332 opuS‚
1090 1267 1128 1315 si
1173 1285 1333 1318 rerum
1367 1269 1543 1319 seriem

160 1331 430 1383 identidem
478 1333 916 1400 interrumperent.
952 1337 1306 1394 Verumtamen
1355 1347 1408 1384 et
1454 1337 1534 1385 de-

161 1415 334 1449 corum
389 1399 640 1458 Xaverio,
678 1411 730 1447 et
765 1396 1046 1465 frugiferum
1098 1400 1275 1456 nostris
1325 1401 1540 1455 homini-

162 1466 251 1513 bus
287 1463 574 1524 videbatur,
629 1464 739 1513 talis
777 1464 869 1514 vir'i'
903 1481 1003 1513 non
1040 1464 1173 1514 facta
1219 1464 1407 1527 solum,
1457 1467 1540 1515 sed

169 1531 319 1589 etiarn
374 1529 540 1590 dicta,
593 1530 872 1596 scriptaque
927 1532 1150 1590 omnia,
1215 1548 1538 1597 quaecumque

168 1607 427 1655 extarent,
467 1598 669 1660 posteris
707 1597 868 1645 tradi:
906 1599 1034 1647 adeo
1070 1596 1251 1662 ubique
1273 1597 1398 1660 illius
1420 1598 1538 1646 emi-

170 1675 257 1710 net
293 1661 571 1710 Sanctitas:
611 1662 739 1711 adeo
774 1662 1017 1710 Xaverius
1072 1674 1146 1710 est
1196 1678 1544 1728 usquequaque

171 1726 441 1788 Xaverius.
496 1726 699 1777 Proinde
753 1728 1135 1787 commitendum
1172 1728 1287 1777 mihi
1323 1733 1422 1776 non
1456 1745 1543 1792 pu-

168 1791 306 1850 tavi,
345 1805 398 1838 ut
434 1792 730 1854 Sanctissimi
768 1792 858 1841 viri
882 1805 1245 1855 monumenta,
1282 1809 1439 1858 eaque
1465 1810 1539 1841 sa-

169 1855 407 1918 lutaribus
459 1856 639 1906 referta
706 1858 990 1921 praeceptis‚
1045 1857 1220 1918 injuria
1265 1870 1545 1923 temporum

170 1922 458 1971 interirent.
505 1924 567 1970 Et
612 1940 728 1971 sane
775 1925 1075 1986 optandum,
1128 1940 1186 1972 ac
1237 1941 1541 1995 magnopere

173 1988 505 2051 expetendum
543 2001 675 2049 erat,
714 2003 768 2037 ut
803 1990 1004 2039 mirifica
1041 1989 1124 2038 iila
1160 2006 1347 2038 morum
1385 1989 1543 2039 suavi-

177 2066 283 2110 ἵεις,
320 2066 370 2100 et
405 2054 638 2101 sermonis
674 2069 818 2116 sapor
856 2057 989 2119 quasi
1028 2054 1343 2116 vernaculus,
1380 2066 1546 2117 posset

174 2120 224 2170 in
258 2119 363 2180 ipso
398 2130 631 2183 tanquam
669 2118 717 2165 in
755 2121 1113 2184 Angustissimo
1148 2122 1305 2168 Fonte
1333 2119 1544 2185 gustari.

175 2187 352 2248 Itaque
389 2199 718 2247 quascumque
754 2186 959 2235 Xaverii
996 2197 1168 2232 nactus
1204 2194 1315 2232 sum‘
1354 2185 1546 2247 Episto-

174 2249 278 2307 las,
344 2248 556 2314 collegi:
611 2249 658 2295 in
712 2247 918 2297 latinum
955 2265 1230 2299 sermonem
1290 2250 1548 2299 converti:

177 2326 390 2379 quatuor
442 2315 490 2363 in
537 2314 686 2363 libros
736 2314 962 2367 contuli:
1012 2316 1065 2363 in
1116 2315 1279 2365 lucem
1332 2314 1548 2381 proferre

1358 2397 1477 2432 COH-
