1781 2889
349 207 442 273 178
599 202 648 249 S.
685 200 1062 251 FRANCISCI
1098 195 1396 249 XAVERII

279 314 367 363 per
406 296 647 358 DEUM;
686 295 942 356 nimirum,
995 309 1051 347 ut
1085 297 1124 346 si
1159 297 1263 348 fieri
1299 309 1498 362 potest,
1551 293 1664 347 mit*-

285 379 364 414 tas
401 364 668 428 aliquando
705 363 767 409 ad
803 378 892 410 nos
926 361 1036 423 illa,
1074 381 1179 429 quae
1203 365 1294 414 tibi
1331 365 1662 414 mandarunt:

286 430 620 493 Diplomata‚
655 428 888 492 inquam,
926 445 1030 493 quae
1067 442 1118 478 te
1165 434 1194 479 ὲ
1241 431 1483 480 Pontifice
1519 431 1664 480 Max.

280 511 452 544 curare
490 495 788 555 voluerunt,
841 505 898 543 ut
935 497 1044 544 Arae
1097 495 1319 546 maximae
1358 496 1494 556 hujus
1542 495 1663 545 Col-

280 561 397 627 legii
434 559 646 609 facultas
684 561 828 610 detur
862 560 1004 609 unius
1041 561 1219 611 animae
1255 579 1318 611 cx
1366 561 1664 629 Purgatorio

281 627 582 687 liberandae,
656 626 851 690 quoties
903 627 964 675 ad
1018 643 1126 677 eam
1179 630 1380 678 Sacrum
1432 630 1520 679 fiat
1571 645 1660 691 pro

280 706 515 753 mortu0,
569 709 682 740 cum
737 707 796 742 ea
849 692 1173 753 conditione,
1235 711 1382 759 quarn
1434 697 1497 744 ab
1549 695 1667 743 hine

280 759 486 808 biennio
525 760 586 806 ad
622 773 674 807 te
710 758 905 822 scripsi,
939 760 1162 809 Praetoris
1200 761 1427 810 nornine.
1465 763 1663 810 Caetera

280 826 404 875 item
443 837 795 889 expectamus,
833 825 893 874 de
932 827 1103 891 quibus
1139 839 1245 875 tum
1281 825 1497 886 ejusdem
1530 825 1660 887 jussu

278 893 341 940 ad
377 904 427 940 te
462 891 652 942 litteras
687 891 799 942 dedi
828 928 839 940 .

350 975 396 1009 2.
432 957 567 1006 Socii
603 973 764 1021 neque
801 957 1054 1008 audiendis
1101 957 1520 1020 confessionibuS,
1560 973 1666 1008 vne-

280 1040 375 1091 que
412 1024 738 1074 concionibus
774 1025 1040 1084 habendis,
1079 1041 1238 1089 neque
1276 1027 1453 1076 ceteris
1492 1024 1674 1074 Socie-

277 1091 397 1141 tatis
434 1091 710 1140 muneribus
732 1091 973 1140 obeundis
1010 1090 1198 1152 idonei,
1237 1106 1349 1155 post
1385 1091 1660 1158 legitimam

276 1159 663 1208 meditationum
712 1157 1162 1220 exercitationem,
1215 1160 1273 1212 &
1327 1173 1516 1208 menses
1568 1156 1658 1206 ali-

275 1239 399 1288 quot
435 1225 483 1272 in
538 1223 795 1273 humilibus
850 1223 1158 1287 abjectisque
1212 1223 1489 1274 ministeriis
1544 1237 1663 1272 exa-

274 1304 415 1350 ctos,
455 1305 639 1355 magno
677 1290 783 1338 usui
819 1304 982 1340 essent
1017 1290 1150 1341 hisce
1186 1291 1234 1338 in
1270 1290 1423 1350 locis,
1473 1289 1510 1336 si
1545 1304 1655 1337 cor·

274 1357 405 1420 poris
444 1357 623 1405 robore
660 1357 842 1418 pariter
877 1357 934 1409 ὃς
969 1356 1118 1406 animi
1153 1357 1339 1405 virtute
1377 1354 1663 1420 pollerent.

279 1424 414 1473 Nam
450 1423 497 1470 in
533 1423 602 1470 his
640 1422 963 1472 Ethnicorum
999 1422 1138 1471 terris
1178 1422 1406 1471 doctrina
1455 1420 1658 1470 minime

276 1501 355 1538 est
394 1488 704 1537 necessaria:
757 1502 832 1538 sat
869 1502 970 1550 est,
1018 1503 1117 1536 non
1156 1505 1258 1538 esse
1295 1487 1438 1550 plane
1488 1487 1659 1536 rudem

275 1555 589 1614 litterarum,
664 1567 722 1602 ut
775 1556 936 1618 pueris
990 1568 1142 1616 atque
1195 1554 1363 1602 idiotis
1415 1551 1662 1602 solemnes

276 1621 597 1685 precationes
632 1621 854 1680 tradere,
893 1620 1178 1685 oppidaque
1215 1621 1274 1672 &
1303 1621 1437 1669 vicos
1474 1619 1660 1668 obeun-

276 1690 376 1747 do,
415 1685 633 1736 infantes
671 1687 823 1735 modo
847 1700 991 1736 natos
1030 1687 1287 1750 baptizare
1326 1684 1520 1736 norint.
1555 1686 1662 1735 Ho-

273 1770 382 1802 rum
421 1754 601 1818 quippe
638 1752 782 1801 multi
820 1765 1028 1816 pereunt
1063 1753 1165 1802 sine
1214 1753 1490 1815 Baptism0‚
1527 1751 1662 1815 quod

272 1833 378 1869 tam
432 1819 627 1879 multis,
683 1823 889 1883 tzimque
945 1818 1195 1878 disjunctis
1253 1819 1382 1869 inter
1435 1833 1485 1867 se
1535 1817 1656 1867 locis

269 1887 441 1936 ades-se
479 1901 781 1950 nequeamus
816 1886 865 1932 in
902 1897 1162 1949 tempore.
1213 1884 1422 1934 Proinde
1459 1899 1518 1933 ex
1556 1881 1657 1931 isti-

270 1951 462 2002 usmodi
501 1951 779 2000 hominibus
827 1968 998 2014 parum
1036 1952 1145 2002 istic
1181 1951 1420 2014 appositis
1469 1950 1530 2000 ad
1568 1950 1657 1997 So-

271 2021 538 2077 cietatem,
590 2034 712 2081 quos
761 2019 938 2068 videris
991 2032 1135 2081 aptos
1192 2019 1253 2066 ad
1308 2014 1657 2066 circumeunda

269 2088 374 2137 haec
411 2084 522 2132 loca
560 2082 777 2135 infantes
815 2083 1151 2149 baptizando,
1190 2086 1246 2137 &
1285 2080 1655 2134 Catechismum

268 2152 514 2201 tradendo
551 2149 748 2212 idiotis,
788 2152 881 2200 huc
917 2151 978 2198 ad
1016 2167 1104 2200 nos
1142 2146 1366 2210 mittito‘3
1404 2149 1482 2197 hic
1519 2163 1651 2197 enim

269 2217 469 2285 egregii:
519 2231 721 2279 operam
760 2217 1000 2266 locabunt
1035 2231 1203 2266 suam.
1258 2219 1364 2265 Hos
1418 2228 1513 2279 ego
1551 2228 1655 2261 ma-

268 2284 376 2351 gnis
415 2283 634 2345 corporis
673 2284 886 2346 viribus,
941 2284 999 2335 ὅτ
1036 2284 1284 2346 patientes
1333 2279 1511 2328 laboris
1549 2294 1655 2329 esse

266 2350 425 2404 volo:
482 2349 722 2417 quoniam
768 2351 872 2404 haec
922 2362 1055 2402 terra
1104 2345 1490 2404 laboriosissima
1545 2358 1656 2407 est,

1483 2424 1590 2464 tum
