1781 2889
339 200 433 238 102
602 183 653 232 S.
681 179 1056 233 FRANclsCI
1093 180 1392 233 XAVERII

266 287 405 338 certa
455 280 706 333 sententia
759 278 1038 343 pronuncio
1075 314 1088 341 ‚
1141 281 1371 330 daturum
1417 294 1496 331 me
1541 292 1666 343 ope-

271 369 416 413 ram,
469 366 532 399 ne
584 359 803 418 unquam
854 346 1136 418 Punicalern
1183 347 1340 396 redire
1386 346 1616 396 sinantur
1648 380 1664 395 .

270 423 599 482 Compertum
634 427 766 461 emm
800 425 916 461 satis
950 425 1055 472 est,
1090 414 1391 479 flagitiorum
1443 429 1503 462 ac
1556 426 1659 461 sce-

266 486 426 537 lerum
463 499 569 549 quae
603 478 747 527 isthic
782 489 1127 541 perpetrantur
1163 480 1367 541 plurima.
1391 514 1405 540 ,
1440 479 1661 531 omnium

266 568 420 617 penes
455 562 581 597 unos
617 544 748 607 ipsos
785 543 979 606 culpam
1013 543 1348 611 invidiamque
1384 547 1631 596 residere.

338 635 380 685 3.
417 610 809 682 Diligentissime
845 609 1036 658 curabis
1071 622 1126 659 ut
1163 611 1393 673 parvulos
1438 612 1522 678 qui
1575 627 1660 660 na-

266 698 493 743 scentur,
527 693 669 729 sacro
688 690 834 743 quarn
871 676 1078 738 primum
1117 677 1358 739 baptismo
1385 677 1663 742 impertias.

266 755 500 819 Egressos
548 758 717 794 autem
769 739 1063 802 infantiam,
1113 743 1527 795 &institutionis
1587 758 1664 794 ut-

267 829 485 883 cumque
538 825 748 875 capaces
784 841 798 869 ,
834 812 1053 881 ‘mature
1106 825 1320 874 occupes
1372 810 1664 862 Christianae

271 883 536 936 Doctrinae
586 876 870 927 rudimentis
921 875 1178 938 imbuere3
1223 889 1370 939 prout
1418 877 1509 926 tibi
1556 889 1665 926 tarn

265 951 489 1016 impense
524 943 926 996 commendatum
962 945 991 992 ὰ
1026 957 1105 990 me
1139 942 1261 992 scis,
1301 943 1508 1008 Singulis
1542 959 1665 1007 prae·

269 1031 412 1068 terea
468 1010 746 1064 Dominicis
800 1010 1119 1060 Catechesim
1165 1012 1405 1062 consueta
1453 1007 1667 1058 formula

270 1087 333 1135 ad
370 1091 704 1148 congregatos
740 1091 890 1124 unum
927 1075 976 1123 in
1013 1087 1200 1125 coetum
1237 1076 1395 1126 omnis
1428 1075 1570 1128 sexus
1606 1076 1666 1129 &

269 1151 431 1200 :etatis
465 1144 609 1197 simul
644 1141 865 1194 homines
916 1142 1147 1201 habebis,
1201 1142 1503 1194 inculcandis
1550 1157 1664 1193 ora-

267 1217 516 1275 tionibuS‚
553 1214 609 1265 ὅτ
646 1211 885 1261 virtutum
920 1209 1110 1256 actibus
1145 1208 1316 1259 doceri
1361 1214 1390 1260 ὲ
1426 1225 1504 1259 me
1548 1206 1667 1257 soli·

270 1285 365 1345 tis,
403 1296 457 1332 ut
493 1278 654 1339 nosti;
709 1273 1122 1342 adjungendaque
1176 1275 1370 1340 insuper
1419 1273 1551 1325 utilis
1602 1273 1667 1323 ad

270 1366 433 1400 mores
467 1343 755 1399 formandos
789 1342 1069 1409 argumenti
1103 1340 1432 1392 conciuncula
1454 1378 1467 1390 .
1512 1339 1672 1390 Omni

272 1433 370 1482 ope
422 1411 631 1480 prohibe
682 1408 978 1477 invigilans,
1029 1409 1298 1457 scrutandis
1350 1407 1501 1458 etiam
1554 1404 1667 1455 lati-

273 1484 396 1533 bulis
434 1478 769 1534 officinarum,
808 1490 867 1524 ne
905 1475 1010 1539 quis
1062 1476 1285 1539 Pagodes
1337 1474 1531 1538 sculpat
1578 1485 1671 1522 aut

270 1549 506 1599 fabricet.
534 1548 698 1610 Qam
735 1542 1008 1606 Epistolam
1045 1541 1160 1589 mihi
1195 1541 1480 1606 inscriptam
1516 1538 1666 1588 audio

269 1618 431 1667 isthuc
481 1613 671 1662 missam
709 1608 770 1656 ab
807 1607 996 1658 Alvaro
1049 1609 1279 1674 Fogaffi„
1331 1624 1441 1658 earn
1476 1621 1539 1656 ne
1574 1606 1670 1656 huc

270 1683 490 1741 mittito,
542 1678 625 1727 secl
679 1673 821 1723 isthic
856 1673 904 1722 in
957 1689 1121 1722 meum
1174 1678 1447 1725 adventum
1497 1685 1667 1721 serva.

268 1750 408 1801 Deus
443 1745 688 1797 Dominus
727 1742 915 1789 Noster
948 1741 1091 1790 tanta
1129 1756 1217 1790 vos
1269 1740 1319 1789 in
1372 1743 1466 1791 hac
1499 1739 1558 1791 ὅτ.
1592 1735 1667 1786 fu-

268 1818 381 1867 tura
428 1814 533 1864 vita
584 1807 938 1860 consolatione
988 1806 1238 1865 cumulet,
1287 1822 1525 1873 quantam
1574 1801 1665 1866 ipsi

307 1895 472 1948 noque
527 1893 704 1943 precor
756 1874 901 1923 mihi.
954 1873 1115 1923 Vale.
1170 1877 1449 1939 Manapare
1501 1868 1660 1937 pridie

272 1901 386 2000 {idus
423 1945 598 1998 Martii
633 1947 784 1993 Anno
820 1942 1127 1991 MDXLIV.

417 2081 548 2129 Tuus
581 2077 630 2126 in
666 2074 866 2125 Christo
901 2074 1262 2125 amantissimus
1297 2074 1464 2125 Frater

1300 2209 1467 2257 Franci
1473 2225 1575 2256 scut
1587 2242 1604 2256 .

1474 2406 1599 2458 EPI-
