1781 2889
391 231 488 267 210
622 215 669 262 s,
705 210 1077 263 FRANCISCI
1113 206 1406 268 XAVERH

664 345 705 392 E
742 345 776 393 P
814 344 837 391 1
871 344 901 392 s
939 344 980 393 T
1015 345 1064 394 o
1100 347 1137 395 L
1174 348 1219 395 A
1287 348 1355 396 X.

473 462 588 526 'PR
627 472 780 526 Paulo
821 475 1070 535 Camerti,
1106 477 1290 540 Joanni
1330 478 1513 538 Beirae,

745 541 970 590 Antonio
1010 542 1302 596 criminali,

323 675 508 725 Relictlz
547 675 837 726 Macaz-arir'z
875 677 1051 738 cogitat
1086 676 1390 724 Amboinum.
1438 678 1619 725 Beiram
1658 689 1725 725 et.

391 744 690 790 Criminalem
728 746 774 788 in
830 743 1119 789 Comorinum
1159 756 1359 791 evocat:
1415 743 1560 792 Paulo
1608 746 1702 790 Ca-

391 812 524 858 merti
563 824 718 856 curam
755 808 912 856 domus
935 811 1105 856 Goanae
1142 824 1185 857 et
1206 809 1465 857 obedientiae
1500 809 1701 856 studium

393 877 632 923 inculcat:
687 874 869 925 accedit
905 876 1161 941 singularis
1184 879 1382 927 ,Simonis
1395 876 1557 926 Botelli
1589 890 1700 922 com-

391 941 622 991 mendatio
638 977 650 988 .

472 1093 646 1140 Gratia
685 1090 736 1138 (θ’
773 1091 919 1138 Amor
958 1090 1136 1140 Christi
1173 1094 1366 1140 Domini
1404 1092 1573 1140 Nostri

611 1156 741 1205 adsit
775 1172 947 1220 semper
984 1158 1109 1205 nohis
1143 1161 1323 1207 auxilio
1361 1159 1413 1207 Φ

803 1222 986 1289 fizvore
1005 1260 1017 1271 .
1052 1227 1205 1273 Amen
1228 1259 1240 1272 .

329 1390 372 1427 ι.
409 1368 663 1483 Prolixis
714 1368 870 1418 literis
908 1387 1025 1436 quas
1077 1372 1138 1420 ad
1178 1371 1280 1422 Vos
1334 1386 1420 1433 per
1454 1371 1504 1418 P.
1555 1371 1707 1419 Com-

527 1436 868 1484 mendatorem
924 1437 1061 1498 misi,
1124 1436 1228 1486 fuse
1267 1438 1409 1486 vobis
1465 1436 1705 1499 exposui,

324 1520 426 1555 esse
465 1519 542 1550 me
582 1502 629 1548 in
678 1503 938 1565 procinctu
977 1504 1039 1553 ad
1089 1503 1184 1553 iter
1224 1507 1546 1553 Macazarem
1600 1517 1709 1551 ver-

322 1575 433 1621 sus:
472 1569 556 1617 sed
594 1571 725 1631 quod
774 1570 1129 1632 posterioribus
1165 1570 1278 1618 inde
1317 1568 1505 1619 nunciis
1560 1583 1706 1617 acce-

323 1637 560 1701 perimuS,
594 1636 722 1683 haud
761 1652 1004 1701 quaquam
1044 1652 1146 1685 esse
1182 1635 1280 1684 illic
1319 1651 1393 1685 res
1428 1648 1533 1684 tam
1570 1634 1707 1682 bono

322 1705 440 1753 loco
480 1718 537 1749 ac
577 1702 716 1750 nobis
754 1701 919 1753 fuerat
956 1718 1263 1766 persuasum,
1313 1718 1413 1751 non
1452 1717 1557 1750 sum
1593 1699 1711 1749 illuc

325 1767 615 1835 profectus3
654 1769 928 1834 cogitoque
965 1770 1117 1818 modo
1154 1770 1487 1828 Amboinum,
1536 1766 1616 1816 ubi
1652 1766 1710 1817 &

326 1835 469 1885 multi
509 1833 603 1893 jam
653 1836 919 1886 Christiani
958 1848 1101 1896 sunt,
1157 1836 1214 1888 δε
1252 1852 1359 1900 quae
1415 1847 1707 1886 caeterorurn

325 1902 557 1951 docilitas
579 1902 837 1963 laudatur,
877 1901 1146 1951 multorum
1184 1902 1245 1949 ad
1266 1900 1536 1952 Ecclesiam
1556 1897 1704 1947 facile

326 1982 556 2017 secutura
595 1969 790 2018 videtur
826 1968 1083 2018 accessio.
1122 1969 1242 2018 Inde
1279 1969 1341 2017 ad
1363 1970 1466 2020 Vos
1500 1965 1707 2014 scribam

326 2053 432 2100 quae
471 2051 677 2097 praesens
714 2036 883 2084 videro
921 2036 982 2085 de
1019 2035 1234 2101 regionis
1272 2034 1372 2094 ejus
1409 2045 1569 2090 statu,
1625 2031 1708 2080 de-

326 2118 423 2166 que
460 2101 782 2164 dispositione
831 2101 1171 2169 indigenarum
1209 2102 1270 2149 ad
1308 2101 1476 2158 fidem,
1514 2114 1572 2146 ac
1610 2095 1707 2169 fru-

325 2182 407 2216 ctu
473 2169 553 2232 qui
608 2167 937 2218 verisimiliter
990 2167 1170 2232 sperari
1226 2183 1287 2216 ex
1342 2164 1587 2216 laboribus
1638 2162 1704 2211 1bi

325 2234 641 2284 exantlandis
679 2248 876 2296 potest.
925 2237 1016 2283 Pro
1054 2251 1138 2282 usu
1178 2249 1321 2297 quem
1358 2231 1583 2295 praesenti
1621 2245 1705 2278 ex-

324 2301 567 2363 perieritis.
607 2301 720 2350 mihi
760 2301 926 2365 peperi
965 2316 1123 2349 rerum
1161 2297 1488 2349 Promontorii
1516 2299 1706 2345 Como-

324 2367 526 2417 rincnsis
565 2369 622 2421 &
658 2370 806 2430 Goae,
845 2383 1117 2433 quemque,
1160 2368 1275 2415 Deo
1297 2362 1530 2425 juvante,
1566 2377 1704 2410 com-

1493 2444 1635 2494 para-
