1781 2889
229 193 751 247 E-PISTOLARUM
787 196 893 244 Lib.
927 198 1211 260 11.Ep.X1.
1304 212 1398 262 219

101 296 328 346 deseras,
359 308 413 344 at
448 309 637 364 semper
671 307 933 367 protegas,
982 293 1178 354 visiteS,
1231 292 1461 355 adjuves,

98 360 365 422 defendas,
406 360 466 408 ab
504 375 635 407 omni
692 361 965 409 vexatione
1002 361 1056 411 &
1093 360 1467 427 oppugnatione

96 426 332 475 malorum
369 427 674 484 daemonum‚
712 425 1016 491 invigilando
1055 425 1130 473 die
1181 441 1238 473 ae
1287 437 1462 485 nocte,

95 493 282 564 cunctis
318 492 445 541 horis
483 492 539 543 <Sc
575 493 872 543 momentis.-
907 494 963 545 δε
1000 490 1207 563 dirigens
1254 495 1352 555 quo
1388 506 1468 538 me

96 557 168 606 vis
220 558 315 618 ire,
370 557 510 605 simul
563 559 801 605 comitare
855 560 910 610 ὅτ,
963 556 1186 605 custodi.
1223 555 1466 619 Praecipue

92 637 211 672 ante
258 623 424 674 omnia
477 635 560 681 te,
615 623 791 673 ductor
841 625 898 677 ὅ(
945 634 1108 672 custos
1155 623 1221 669 mi
1256 636 1462 681 sancte,

92 689 244 737 etiam
296 702 446 753 atque
501 688 651 737 etiam
707 705 796 738 oro
851 690 908 740 <Sc
955 689 1187 746 obsecro,
1238 688 1467 735 intendas

91 754 216 803 vires
253 770 422 803 omnes
458 769 719 817 curasque
731 755 1001 820 ingemines
1038 755 1085 801 in
1108 766 1333 815 tempore
1370 752 1469 801 mei

91 835 153 868 ex
190 820 281 869 hac
318 820 420 870 vita
456 819 720 881 discessus,
758 835 850 867 nec
887 819 1141 883 permittas
1177 835 1254 866 me
1291 818 1463 868 terreri

89 885 474 939 adversariorum
511 885 789 933 daemonum
826 885 1082 933 insultibus
1129 898 1215 933 aut
1236 885 1468 947 spectri33

92 949 427 999 efficacissime
456 963 751 1013 praeveifftas
791 966 850 998 ne
886 950 933 997 in
972 951 1364 1014 desperationem
1387 965 1467 998 ca-

91 1016 238 1075 dam,
295 1033 384 1065 nec
436 1027 487 1064 te
540 1033 568 1065 a
622 1032 699 1063 me
734 1014 969 1089 abjungas
1032 1019 1156 1082 prius
1208 1032 1352 1081 quam
1390 1031 1471 1065 me

88 1081 371 1143 perduxeris
406 1082 466 1130 ad
502 1080 781 1130 beatificum
818 1081 1050 1130 intuitum
1108 1083 1207 1129 Dei
1264 1080 1473 1129 Domini

91 1147 301 1195 Nostri:
342 1145 423 1194 ubi
459 1162 553 1210 ego
589 1159 756 1194 tecum
796 1147 853 1197 Sc
889 1163 998 1194 cum
1024 1147 1310 1195 Beatissima
1344 1162 1469 1197 sem-

87 1228 173 1275 per
211 1212 410 1278 Virgine
449 1186 549 1258 Dei
588 1213 754 1260 Matre
791 1212 1111 1276 omnibusque
1135 1212 1470 1261 Sanctissem-

92 1293 183 1340 per
215 1277 517 1343 gaudeamus
552 1276 710 1340 gloria
745 1277 990 1335 Paradisi
1029 1277 1168 1325 nobis
1204 1276 1467 1327 conferen-

83 1342 146 1391 da
181 1360 210 1391 a
215 1318 402 1407 c'JESU
441 1341 639 1390 Christo
678 1344 869 1391 Nostro
910 1343 1166 1402 Domino,
1221 1344 1300 1416 qui
1356 1359 1470 1391 cum

83 1409 227 1456 Patre
263 1410 320 1463 ὃς
358 1406 542 1470 Spiritu
580 1409 770 1456 Sancto
807 1408 931 1458 vivit
967 1410 1023 1462 ὃς
1058 1422 1234 1477 regnat
1261 1425 1309 1457 111
1329 1420 1473 1459 aeter·-

90 1489 238 1522 num.
280 1478 473 1523 Amen.

166 1556 235 1588 11.
274 1540 362 1588 His
400 1536 703 1586 orationibus
757 1539 1038 1601 praemissis,
1098 1552 1366 1603 antequam
1420 1556 1471 1589 se

84 1603 201 1652 vitae
253 1602 467 1674 negotiis
525 1603 828 1651 Christianus
884 1605 983 1651 Dei
1035 1621 1198 1653 servus
1254 1606 1466 1666 tradat,

87 1668 288 1731 expedit
324 1685 435 1717 eum
476 1668 701 1716 meditari
740 1668 980 1716 nonnullo
1021 1671 1180 1731 spatio
1236 1672 1474 1733 temporis

91 1750 141 1780 1n
178 1733 289 1798 lege
328 1733 570 1792 Domini,
609 1734 741 1797 quod
777 1734 965 1783 utiliter
1011 1733 1163 1784 faciet
1216 1736 1467 1800 sequenti,

86 1799 286 1865 singulis
325 1799 493 1848 diebus
531 1802 704 1858 mane,
742 1799 980 1848 exercitio
1017 1802 1322 1864 repetendo.
1353 1804 1469 1850 Pro·

88 1876 287 1914 stratus&
322 1868 488 1914 coram
543 1867 662 1937 Deo.
711 1879 1038 1929 recognoscat
1075 1868 1131 1919 <Sc
1180 1867 1468 1932 singillatim

90 1930 372 1979 consideret
409 1931 581 1980 decem
619 1928 718 1986 eius
756 1944 1024 1992 praccepta.
1048 1931 1095 1978 in
1133 1907 1284 1980 banco
1296 1934 1466 1982 admo·-

85 1997 197 2044 dum
235 1993 487 2043 formam.
523 1995 733 2045 Primum
774 1996 971 2044 Divinae
1011 1998 1217 2047 Domini
1251 2000 1466 2048 Creato-

83 2061 144 2110 ris
198 2061 293 2110 mei
341 2060 456 2110 mihi
506 2060 795 2123 praescriptae
852 2061 969 2127 legis
1027 2064 1319 2113 Mandatum
1373 2066 1468 2113 hoc

84 2137 194 2176 est:
237 2126 408 2192 diliges
446 2128 504 2179 <31
539 2126 762 2175 adorabis
802 2128 1071 2176 Dominum
1112 2132 1273 2179 Deum
1329 2142 1466 2178 tuum

86 2207 148 2241 ex
187 2204 301 2242 toto
337 2193 516 2266 corde,
556 2193 660 2244 &Q
696 2192 818 2241 Inde
854 2206 1054 2256 reputet
1105 2211 1270 2245 secum
1308 2196 1365 2247 &
1402 2211 1463 2247 ex

80 2255 252 2307 ultima
302 2258 521 2320 pueritiae
576 2259 811 2308 memoria
879 2271 1103 2321 repetat,
1163 2276 1465 2326 quaecunque

81 2337 167 2387 per
216 2336 380 2381 totam
433 2324 586 2376 vitam
631 2323 866 2392 peccavit
913 2338 1090 2377 contra
1140 2327 1234 2377 hoc
1285 2342 1463 2388 praece-

1225 2403 1399 2455 ptum
