1781 2889
349 205 382 245 2
590 184 650 239 ’8.
681 186 1057 239 FRANCISCI
1088 184 1388 237 XAVERII

299 298 414 352 pter
447 283 602 334 multa
637 296 918 352 magnaque
954 283 1193 335 beneficia
1227 283 1397 349 quibus
1443 298 1534 334 me-
1557 282 1680 343 affe-

297 352 448 414 cisti3
485 364 566 402 tot
600 350 830 415 profecto
865 350 1114 418 taliaque,
1150 363 1205 400 ut
1242 367 1342 399 non
1376 352 1546 415 parum
1591 366 1680 400 ve-

298 433 437 478 rear,
472 434 535 467 ne
569 417 624 465 iis
658 433 748 482 pro
799 417 980 467 merito
1033 417 1356 485 agnoscendis
1406 417 1680 480 rependen-

298 483 472 549 disque
506 483 661 547 impar
693 483 757 531 ad
791 495 1064 533 extremum
1117 484 1474 546 deprehensus,
1526 482 1681 531 etiam

299 548 551 615 ingratuffi
587 565 615 598 a
662 548 976 600 voluntatem
1029 565 1090 598 ex
1140 547 1279 599 facto
1329 548 1684 600 aestimantibus

298 567 515 676 judicer.

369 698 413 731 2.
451 683 571 730 Haec
607 696 685 731 me
721 679 986 731 solicitudo
1021 680 1238 731 stimulat
1257 681 1319 730 ad
1338 697 1507 732 omnes
1543 679 1681 730 inda-

298 748 484 812 gandas
519 747 738 799 rationes
773 747 1077 814 significandi
1112 747 1201 797 tibi
1237 747 1399 796 sensns
1424 761 1575 814 atque
1611 744 1684 796 af-

300 812 465 863 fectus
499 813 629 876 mei,
667 818 855 879 quant-a
885 816 1097 864 maxima
1124 813 1170 864 vi
1211 814 1324 862 fidei
1346 814 1402 865 ὅ(
1423 815 1526 863 veri
1546 830 1685 864 amo-

299 881 362 929 ris
398 895 624 943 possum,
661 895 883 931 mutuam
918 881 1123 931 reddere
1159 883 1319 929 vicem
1339 880 1689 941 conantiS,lu-

301 945 515 995 culentis
552 962 742 1011 semper
775 965 824 999 se
859 948 1053 997 indiciis
1091 946 1321 1012 prodenti
1352 945 1550 995 caritati
1571 961 1690 1012 erga.

303 1028 383 1062 me
420 1026 550 1074 tuae,
586 1013 635 1060 in
672 1031 802 1079 quo,
839 1031 983 1076 cum,
1020 1027 1076 1064 ut
1113 1029 1212 1061 non
1250 1016 1359 1061 raro
1381 1012 1573 1073 evenit,
1596 1027 1686 1060 vo-

299 1093 407 1130 tum
443 1095 666 1128 successu
703 1080 1016 1140 destituitur,
1070 1083 1185 1131 sane
1231 1093 1584 1129 commoveor:
1638 1091 1690 1126 e-

301 1146 426 1196 tiam
478 1145 725 1195 subvereri
776 1164 855 1196 me
908 1147 1153 1196 interdum
1203 1159 1421 1214 cogente
1474 1143 1690 1208 quadam

302 1211 484 1261 amoris
521 1211 778 1262 anxietate
816 1214 1063 1278 inquieta,
1117 1226 1171 1261 ut
1221 1212 1336 1260 satis
1381 1211 1595 1260 fideliter
1628 1225 1688 1260 ac

302 1278 600 1342 tempestive
653 1278 965 1342 perferantur
1019 1294 1136 1343 quas
1191 1277 1368 1329 multas
1421 1293 1508 1340 per
1543 1292 1688 1342 quos-

303 1361 515 1410 cumque
553 1344 677 1394 istuc
714 1347 966 1405 euntium,
1002 1362 1163 1408 operae
1200 1344 1325 1393 haud
1359 1358 1594 1407 parcens,
1630 1341 1688 1390 li-

302 1423 436 1463 teras
471 1411 880 1476 scripti10,meae
933 1414 981 1461 in
1035 1426 1085 1461 te
1139 1410 1464 1461 observantiae
1516 1408 1690 1459 devin-

302 1477 603 1544 ctissimique
640 1493 790 1531 testes
823 1478 1077 1545 obsequii3
1114 1479 1227 1527 dum
1266 1476 1501 1528 videlicet
1547 1489 1690 1541 repu-

305 1556 363 1594 to
401 1548 544 1609 quam
584 1559 764 1609 vastae,
803 1549 1083 1613 eaedemque
1120 1544 1263 1594 variis
1300 1546 1518 1606 obseptae
1552 1557 1688 1590 com·-

303 1611 601 1660 merciorum
638 1612 1029 1676 impedimentis,
1065 1613 1289 1679 regiones
1343 1608 1594 1660 Lutetiam
1629 1609 1689 1662 ὃς

305 1676 539 1727 Obanum
577 1679 902 1741 interjacent.
938 1678 1232 1739 Cuiusmodi
1262 1676 1488 1742 equidem
1524 1674 1689 1724 obsta-

299 1742 419 1793 culo
454 1745 664 1809 cuipiam
716 1747 925 1799 vicissim
978 1748 1197 1810 imputo,
1251 1745 1383 1809 quad
1429 1740 1688 1815 pauciores

301 1826 452 1873 ‘luam
490 1812 670 1869 Vellem
706 1818 735 1865 a
772 1817 843 1865 Te
879 1827 1070 1865 mutuas
1106 1810 1324 1875 recipi0,
1362 1825 1464 1858 non
1493 1809 1565 1858 Te
1599 1822 1688 1881 sel-3

301 1874 426 1929 licet
476 1878 538 1928 ab
589 1878 937 1940 jucundissimo
986 1882 1043 1935 &
1096 1875 1505 1928 desideratissimo
1569 1873 1690 1923 mihi

305 1941 477 1994 officio
529 1960 753 1998 cessante
785 1983 799 2010 ,
846 1949 928 1998 sed
975 1945 1375 2006 tabellariorum,
1426 1940 1508 1992 vel
1556 1938 1685 1999 fide,

304 2008 389 2060 vel
424 2013 745 2076 strenuitate,
800 2014 879 2064 vel
934 2011 1165 2067 fortuna,
1215 2011 1342 2061 male
1390 2005 1690 2079 responden-

305 2075 435 2126 tibus
470 2079 618 2127 studii
655 2098 771 2148 erga
807 2097 885 2132 me
919 2080 990 2131 tui
1026 2079 1276 2129 indefessae
1312 2075 1611 2146 diligeptlae.

375 2159 418 2213 3.
458 2146 590 2194 Nam
611 2148 669 2202 &
688 2148 930 2198 relatione
961 2147 1230 2196 amicorum
1249 2178 1261 2197 ,
1282 2145 1337 2196 δι
1359 2142 1503 2206 SignlS
1539 2149 1686 2210 th-'tess

305 2209 368 2259 ris
405 2210 627 2274 idoneis,
662 2215 807 2281 plane
843 2230 1121 2278 persuasum
1157 2210 1272 2262 mihi
1306 2220 1411 2280 est,
1465 2216 1686 2278 compati

304 2276 380 2326 Te
404 2292 465 2326 ex
502 2280 669 2330 animo
706 2281 926 2331 aerumnis
961 2276 1297 2330 contentionis
1329 2276 1465 2332 limus
1500 2288 1549 2319 in
1586 2283 1686 2320 stu-

304 2342 395 2392 diis
429 2359 581 2408 meae,
617 2346 1126 2414 commorationisque
1162 2340 1426 2409 peregrina:
1444 2358 1461 2406 3
1489 2353 1580 2388 nec
1596 2335 1686 2454 efe,-

1571 2420 1591 2451 ι.
