1781 2889
371 233 464 282 208
597 235 644 282 S.
681 233 1049 284 FRANCISCI
1085 235 1384 284 XAVERH

300 326 583 387 transtulit,
621 343 680 376 ac
716 327 862 374 valde
898 328 1088 393 expetit
1124 332 1289 381 vestra
1322 324 1683 395 deprecatione

298 394 638 444 commsndari
675 409 724 442 se
765 394 944 442 DEO.
1687 441 1691 447 ,

369 479 412 512 2,
454 460 668 508 Malacae
705 459 870 508 multae
907 460 1025 508 mihi
1057 459 1258 522 litterae,
1292 464 1472 526 partim
1494 464 1687 514 Roma-

299 545 397 588 nae,
437 527 617 589 partim
674 527 919 576 Lusitanae
974 525 1175 575 redditae
1226 543 1372 592 sunt3
1409 546 1468 579 cx
1507 531 1680 593 quibus

295 593 582 644 incredibile
619 606 725 652 est,
780 606 1020 658 quantum
1067 593 1310 656 ceperim,
1359 595 1678 662 quotidieque

295 660 486 723 capiam
527 658 798 723 voluptatis
821 695 832 706 .
870 660 1086 725 Qoties
1122 675 1205 707 eas
1237 659 1352 726 lego
1389 662 1538 728 (lego
1590 679 1676 713 au-

293 740 396 775 tem
452 725 750 792 saepissime)
789 726 856 774 sic
892 725 1111 786 afficior,
1150 739 1204 776 ut
1260 743 1338 775 me
1390 729 1533 777 isthic
1585 747 1675 779 vo-

295 794 509 852 biscum,
547 806 635 842 aut
689 808 777 841 vos
832 793 910 841 hic
964 807 1158 840 mecum
1207 807 1310 840 esse
1364 795 1677 858 existimem;

295 860 427 924 quod
464 861 499 907 si
537 860 824 923 corporibus
878 875 978 908 non
1027 857 1170 919 licet,
1220 860 1354 908 certe
1408 860 1581 910 animis
1614 861 1674 909 li-

294 941 403 976 cet.
439 929 634 985 PatreS,
673 925 755 990 qui
788 925 970 975 isthinc
1005 941 1117 973 cum
1154 926 1353 989 Joanne
1390 929 1569 976 Castro
1586 943 1675 977 ve-

294 1008 498 1054 nerunt,
535 995 649 1044 (30:⁴2
685 993 746 1040 ad
783 1007 861 1040 me
901 992 1155 1041 Malacam
1192 992 1486 1054 scripserunt
1511 994 1572 1043 de
1591 993 1677 1042 ad-

291 1073 443 1109 ventu
491 1076 606 1108 suo.
662 1059 749 1109 His
803 1075 898 1124 ego
949 1075 1076 1107 nunc
1113 1058 1351 1118 rescribo,
1388 1073 1446 1109 ut
1500 1075 1675 1109 eorum

295 1129 393 1175 duo
442 1128 489 1174 in
535 1125 857 1177 Comorinum
907 1124 1305 1174 Promontorium
1357 1125 1677 1189 proficiscan-

291 1206 395 1251 tur,
436 1209 583 1255 opem
621 1193 767 1241 laturi
805 1193 1066 1241 Francisco
1106 1191 1385 1251 Mansi11ae‚
1423 1209 1568 1257 quem
1605 1192 1674 1241 ibi

291 1276 401 1308 cum
437 1260 591 1308 tribus
639 1258 992 1308 Sacerdotibus
1045 1257 1285 1324 indigenis
1343 1259 1675 1308 Comorinen·

287 1342 358 1374 ses
414 1325 723 1375 Christianos
777 1324 1118 1374 instituentem
1186 1322 1391 1388 reliqui.
1451 1326 1671 1374 Tertium

288 1394 410 1441 Goae
463 1407 661 1440 manere
714 1389 895 1450 jubeO,
948 1393 1004 1442 ὅ(
1052 1390 1099 1436 in
1154 1389 1387 1457 Collegio
1442 1392 1491 1440 S.
1537 1391 1673 1441 Fidei

283 1458 506 1507 alumnos
544 1457 718 1506 litteris
753 1457 978 1505 erudire.
1015 1456 1266 1521 Quoniam
1321 1456 1460 1505 navis
1509 1471 1670 1506 matu-

283 1538 361 1576 rat
406 1522 804 1587 profectionem,
858 1521 979 1571 nihil
1035 1522 1281 1587 attingam
1335 1539 1507 1571 eorum
1560 1539 1667 1588 quae

281 1591 446 1653 scripsi
485 1607 544 1639 ex
582 1590 720 1639 India
744 1626 754 1637 .
794 1592 940 1638 Anno
975 1588 1255 1651 insequenti
1312 1589 1374 1636 de
1425 1591 1664 1638 Macaza-

281 1657 411 1706 ribus
462 1657 539 1721 (si
598 1658 743 1722 ΒΕΘ
796 1655 934 1703 cordi
972 1654 1105 1719 erit)
1145 1653 1300 1703 multa
1337 1654 1664 1717 perscribam.

282 1724 446 1772 Unum
488 1738 573 1770 vos
611 1739 734 1782 oro,
774 1724 962 1770 Fratres
997 1720 1111 1768 rnihi
1135 1718 1430 1780 charissimi,
1465 1734 1519 1770 ut
1540 1734 1667 1787 quot

280 1791 417 1838 annis
456 1787 594 1836 multi
633 1790 724 1837 huc
762 1790 787 1837 ὲ
826 1787 1086 1836 Societate
1123 1786 1369 1835 veniatis:
1420 1787 1499 1836 hic
1535 1789 1667 1837 enim

282 1872 403 1919 opus
442 1868 516 1903 est
555 1854 751 1903 multis.
776 1855 887 1902 Nec
924 1858 1045 1902 vero
1082 1853 1141 1900 ad
1180 1851 1505 1902 Ethnicorum
1540 1869 1664 1903 con-

281 1923 559 1970 versionem
615 1921 769 1970 multa
822 1920 1159 1969 doctrinarum
1213 1918 1442 1985 cognitio
1503 1920 1664 1984 requi-

279 1989 430 2048 ntur,
485 1989 566 2035 sed
620 1988 774 2037 multa
829 1985 1129 2036 exercitatio
1186 1985 1461 2035 virtutum.
1495 1986 1662 2035 finem

275 2053 441 2113 facio,
484 2055 690 2103 DEUM
728 2054 1017 2113 obsecrans,
1056 2065 1111 2100 ut
1148 2052 1287 2101 nobis
1311 2053 1367 2104 &
1403 2066 1537 2100 suam
1568 2069 1659 2101 vo·

274 2121 521 2171 luntatem
561 2120 772 2180 indicet,
812 2120 868 2172 &
904 2118 1004 2177 eius
1043 2119 1344 2183 exequendae
1381 2117 1567 2167 tribuat
1586 2115 1658 2167 fa-

273 2189 546 2238 cultatem.
587 2204 663 2237 1v.
706 2188 821 2237 Idus
862 2184 1117 2238 Novemb.
1155 2184 1392 2235 Malaca.

1468 2449 1593 2501 EPI-
