1781 2889
390 251 486 307 254
619 237 673 287 s,
706 236 1077 290 FRAncisei
1114 238 1403 293 XAVERn

325 355 423 389 nec
476 337 702 404 genitum
740 352 878 385 esse.
929 340 1108 386 Postea
1144 337 1457 388 demittendo
1509 352 1710 392 manum

325 405 540 456 eandem
578 404 639 451 ad
692 403 913 452 infimum
952 416 1157 466 pectuS,
1208 406 1490 469 pariterque
1543 408 1712 457 dicen-

325 474 424 521 do:
464 475 514 520 &0
551 473 691 530 Filii,
729 470 1057 537 significamus
1095 472 1260 520 Deum
1295 470 1468 520 Filium
1505 475 1534 522 a
1590 476 1709 524 Deo

326 541 471 589 Patre
507 535 733 602 genitum
771 553 873 585 non
921 535 1110 585 factum
1146 551 1239 585 nec
1292 550 1515 587 creatum
1541 577 1552 588 .
1598 542 1715 590 Por-

325 602 525 668 rigimus
578 602 757 651 deinde
812 618 1011 652 manum
1061 601 1110 649 in
1162 603 1415 652 humerum
1469 606 1716 655 sinistrum

324 670 552 718 dicentes
591 669 831 731 interim,
873 673 923 720 ὠ*
961 673 1207 734 Spiritus-5
1245 681 1351 716 tuin
1387 672 1602 722 eandem
1641 687 1718 722 re-

325 735 575 786 trahendo
613 736 676 782 ad
714 737 970 785 humerum
1008 737 1262 794 dextrum,
1301 734 1541 800 dicendo,
1594 741 1716 788 San-

327 807 428 861 cti,
482 800 793 850 declaramus
849 804 1087 852 Sanctum
1123 800 1359 866 Spiritum
1394 804 1423 852 a
1477 806 1622 855 Patre
1660 805 1718 857 δε

326 867 454 919 Filio
493 869 801 930 procedere.

392 950 468 1001 32.
508 938 653 984 Hanc
707 937 863 983 bonus
913 935 1074 984 omnis
1114 933 1421 985 Christianus
1457 934 1563 985 sine
1613 935 1715 986 ulla

329 1001 648 1051 dubitatione
704 1013 876 1051 tenere
931 1018 990 1050 ac
1038 1001 1265 1052 confiteri
1317 1000 1483 1050 Fidem
1535 1002 1717 1062 debet,

324 1066 805 1118 consubstantialem
863 1068 995 1117 Patri
1051 1085 1109 1118 ac
1161 1068 1317 1127 Filio,
1391 1083 1452 1116 ex
1501 1081 1717 1134 utroque

325 1135 686 1200 procedentem
748 1134 983 1198 Spiritum
1033 1136 1271 1184 Sanctum
1309 1135 1543 1196 credenS,
1595 1137 1717 1183 ado-

327 1218 472 1259 rans,
511 1200 870 1268 magnificans3
920 1200 1002 1267 qui
1052 1201 1145 1250 suis
1197 1200 1380 1249 sanctis
1431 1200 1715 1264 inspiratio-

326 1268 469 1317 nibus
504 1271 533 1316 ὲ
582 1265 805 1330 peccatis
843 1281 1082 1328 revocat,
1133 1269 1187 1320 ὃ(
1225 1280 1398 1317 movet
1432 1268 1584 1316 corda
1631 1283 1718 1317 no-

328 1346 429 1383 stra
468 1334 529 1381 ad
567 1333 882 1383 observanda
918 1335 1093 1383 decem
1152 1333 1398 1382 Mandata
1437 1334 1578 1399 Legis
1616 1334 1720 1384 Dei

326 1398 538 1450 Domini
577 1400 751 1449 Nostri
791 1401 847 1452 &
884 1411 1130 1462 praecepta
1171 1401 1367 1448 Sanctae
1408 1400 1588 1449 Matris
1624 1403 1719 1450 Ec-

326 1466 487 1516 clesiae
527 1464 845 1520 Catholicae;
899 1466 1109 1514 inclinat
1145 1465 1300 1514 ctiam
1337 1465 1400 1513 ad
1439 1466 1721 1515 exercenda

328 1548 481 1595 opera
547 1531 889 1580 misericordiae
960 1531 1242 1594 corporalia
1313 1532 1370 1582 &
1420 1532 1724 1596 spiritualia.

329 1603 450 1649 Hoc
491 1598 549 1646 de
587 1598 759 1646 Sancti
800 1596 1008 1660 Spiritfis
1044 1596 1328 1646 Divinitate
1366 1597 1549 1663 dogma
1586 1614 1722 1647 com-

330 1665 507 1729 plexus
548 1677 623 1712 est
644 1666 856 1713 Sanctus
875 1663 1266 1712 Bartholomaeus
1293 1663 1364 1713 his
1401 1663 1587 1714 verbis:
1613 1669 1723 1715 Cre-

328 1734 386 1781 do
423 1736 471 1778 in
511 1734 740 1793 Spiritum
781 1734 1038 1778 Sanctum.

397 1813 473 1864 33.
509 1797 836 1862 Qicumque
879 1795 1213 1845 Christianam
1251 1795 1470 1859 amplexi
1506 1796 1725 1864 Religio-

328 1880 480 1924 nem,
540 1865 640 1923 ejus
680 1864 901 1913 officium
938 1876 1112 1912 tenere
1166 1880 1224 1912 ac
1276 1863 1443 1912 Fidem
1496 1877 1725 1926 praestare

333 1930 678 1989 decrevimus>
743 1947 842 1980 non
899 1931 1052 1978 modo
1089 1931 1324 1989 credere,
1378 1944 1615 1993 tanquam
1665 1929 1728 1977 ad

329 1996 543 2046 salutem
582 1996 943 2055 necessarium,
994 1995 1097 2043 sine
1135 1995 1238 2045 ulla
1275 1995 1591 2045 dubitatione
1642 1996 1728 2043 de-

329 2064 538 2121 bemus,
579 2062 816 2128 quidquid
854 2063 913 2111 de
936 2062 1137 2113 Christo
1176 2063 1282 2125 ipso
1321 2063 1568 2120 DominO,
1608 2063 1727 2111 Deo

328 2126 471 2181 simul
499 2130 554 2180 ὅ(
595 2130 826 2188 homine,
866 2128 1135 2192 Apostoli,
1163 2128 1438 2192 Discipuli,
1479 2129 1730 2191 Martyres

327 2198 386 2248 &
427 2195 600 2243 Sancti
657 2212 828 2245 omnes
878 2196 1228 2244 crediderunt:
1286 2195 1368 2243 sed
1415 2193 1568 2243 etiam
1623 2193 1731 2256 pari

325 2262 631 2311 necessitate
672 2261 1020 2326 adstringimur
1069 2260 1282 2310 universi
1320 2259 1379 2307 ad
1419 2261 1730 2324 'per-suaden-

324 2329 445 2376 dum
484 2328 757 2378 certissime
799 2328 971 2386 nobis,
1028 2326 1306 2376 institutam
1343 2326 1405 2373 ab
1443 2342 1504 2375 eo
1543 2328 1591 2374 in
1628 2340 1728 2375 ter-

322 2395 386 2444 ris
425 2391 570 2444 fuisse
626 2394 955 2445 Catliolicam
991 2393 1295 2452 Ecclesiam,
1348 2393 1425 2440 cui
1479 2393 1560 2458 qui
1607 2409 1727 2456 prae-

1547 2474 1660 2508 sunt
