1781 2889
243 193 734 259 Ei‘isroLAuuM
755 240 767 251 .
788 205 890 251 tia
925 206 1280 269 r.Ep.XXV1.
1318 218 1406 270 125

341 304 889 388 Eristo‘L'A
957 310 1281 404 xxvi(

691 467 897 519 Eidem.

114 619 396 670 Festinanda
431 621 541 670 aedis
585 634 728 668 sacrae
760 632 1030 680 structura,
1076 618 1284 670 curanda
1318 634 1479 683 puero-

180 705 281 735 rum
316 690 544 736 institutio
561 705 582 746 ;
630 687 896 735 humanitas·
939 690 1038 734 ciem
1073 689 1120 733 in
1156 703 1333 745 omnes,
1380 692 1476 735 tam

178 759 428 818 praesertim
465 759 512 801 in
547 752 819 819 Adigares.

123 918 168 953 ι.
314 897 528 950 arissime
564 897 611 945 in
649 896 849 947 Christo
882 897 1081 948 Frater.
1121 898 1320 948 Nuncio
1341 897 1481 957 Tibi,

347 980 424 1012 me
463 982 548 1027 per
587 964 685 1014 Dei
720 964 963 1029 gratiam,
1003 966 1126 1016 bene
1164 965 1361 1013 valere:
1417 965 1482 1010 di-

121 1044 301 1097 gnetur
357 1031 546 1079 utinam
591 1031 673 1094 qui
710 1029 825 1077 mihi
861 1031 945 1079 dat
967 1029 1333 1089 valetudinem,
1371 1045 1488 1078 con-

126 1098 304 1145 cedere
341 1095 522 1156 etiam,
571 1109 626 1144 ut
661 1110 771 1143 eam
817 1095 862 1141 in
899 1096 1041 1158 ipsius
1079 1095 1364 1162 obsequium
1400 1096 1489 1143 im·-

125 1163 364 1227 pendam.
401 1163 494 1209 Fac
531 1161 579 1207 in
617 1161 716 1209 dies
752 1160 899 1209 sciam
936 1161 1051 1225 quid
1087 1162 1227 1208 isshic
1261 1174 1491 1225 geratur:

123 1244 222 1293 quo
258 1227 374 1274 loco
430 1243 503 1274 res
541 1238 635 1275 tuae
671 1226 799 1285 sint,
855 1227 970 1290 quii
1006 1227 1272 1276 Christiani
1309 1241 1493 1291 agant,

122 1292 258 1341 omni
295 1292 453 1341 studio
490 1291 721 1339 incumbe
757 1292 819 1340 ad
852 1292 1185 1341 festinantiam
1233 1294 1369 1342 AEdis
1408 1296 1494 1341 Sa-

124 1375 218 1408 crae
253 1370 548 1406 structuram
571 1394 582 1405 .
617 1360 743 1406 Cum
781 1373 838 1407 ea
864 1355 1095 1422 perfecta
1132 1359 1304 1419 fuerit,
1344 1359 1492 1409 velim

125 1423 295 1474 statim
332 1424 436 1473 fieri
473 1423 687 1473 certior.
746 1424 834 1473 His
871 1423 1128 1485 adjunctas
1177 1424 1340 1475 literas
1375 1427 1495 1473 Prae-

124 1489 263 1539 fecto
311 1489 601 1553 inscriptas,
650 1489 794 1552 cupio
832 1492 1150 1540 commendes
1202 1490 1345 1540 valde
1393 1491 1493 1539 fido

127 1554 448 1605 Tabellario.
495 1558 603 1605 Oro
639 1555 791 1603 etiam
829 1570 978 1620 atque
1016 1557 1195 1617 etiam,
1248 1557 1296 1604 in
1333 1555 1497 1619 primis

127 1620 263 1670 cordi
317 1621 405 1669 tibi
442 1620 501 1672 sit
550 1621 800 1670 institutio
854 1624 1153 1671 Puerorum.
1202 1620 1330 1670 Illud
1376 1627 1498 1671 vero

128 1686 499 1753 diligentissime
535 1702 699 1745 cures,
737 1685 973 1745 majorem
1010 1687 1294 1758 immodum
1332 1700 1494 1751 opto:

130 1769 192 1802 ne
229 1768 333 1817 quis
366 1768 535 1801 recens
570 1764 799 1802 natorum
837 1769 937 1800 non
973 1765 1168 1813 statim,
1207 1764 1292 1802 aut
1328 1768 1498 1817 quam-

131 1819 373 1884 primum,
423 1821 450 1867 a
498 1830 548 1868 te
602 1818 915 1879 baptizetur:
964 1832 1018 1867 ut
1065 1818 1132 1867 his
1168 1819 1344 1868 saltem
1398 1819 1505 1867 ani·

132 1884 326 1941 mabus,
364 1882 607 1948 plerisque
643 1883 960 1949 migrantibus
996 1887 1022 1934 e
1053 1883 1351 1947 corpusculis
1388 1897 1505 1933 ante

138 1949 346 2002 rationis
385 1964 551 2008 usum,
591 1947 930 2014 frequentetur
966 1951 1242 2011 Paradisus‚
1278 1950 1327 1998 in
1364 1965 1509 2017 quem

136 2013 328 2066 adulti..
366 2030 459 2062 nec
508 2014 645 2063 malis
693 2015 934 2080 propelli,
983 2031 1073 2064 nec
1109 2015 1247 2064 bonis
1282 2015 1413 2065 allici
1460 2029 1509 2064 se

133 2083 334 2131 sinunt.
385 2080 609 2130 Manueli
643 2082 670 2128 a
708 2082 868 2130 Cruce
912 2080 1118 2129 salutern
1155 2085 1183 2132 ἐι
1234 2097 1313 2130 me
1365 2080 1512 2146 pluri-

138 2161 269 2197 mam
307 2145 528 2205 imperti.
565 2149 754 2195 Hortor
792 2148 1088 2196 Matthtnum
1126 2160 1180 2196 ut
1218 2159 1514 2209 perseveret

140 2215 199 2267 ὅ(
235 2212 461 2274 proficiat
496 2212 545 2259 in
584 2212 747 2259 bono.
785 2214 878 2261 Fac
915 2225 964 2261 te
1002 2228 1195 2262 comem
1251 2213 1307 2266 &
1343 2215 1512 2263 huma-

143 2294 255 2326 num
292 2280 400 2326 cum
454 2278 531 2326 isti
583 2277 734 2327 Genti
789 2278 1032 2340 praebeas,
1089 2292 1194 2329 tum
1248 2279 1513 2339 praesertim

147 2343 523 2411 magistratibus
576 2358 744 2394 eorum
816 2345 873 2397 ὃς
924 2342 1167 2396 Praefectis
1238 2346 1513 2412 Pagorum,

1326 2427 1447 2478 quos
1521 2453 1524 2455 Α
