1781 2889
390 200 459 266 95
625 196 676 246 S.
708 195 1082 247 FRANCISCI
1107 194 1404 252 XAVERII
1432 194 1435 199 ’
1491 196 1514 244 ἴ

397 312 473 360 14.
508 295 678 348 Genus
713 305 786 342 est
807 292 1157 346 delectationis
1177 307 1296 348 meae
1318 292 1706 350 identidem-tu,-

323 363 486 429 gitare
523 362 584 414 de
621 358 792 418 vobi5‚
848 359 1116 409 charissimi
1153 361 1374 414 Fratres:
1429 355 1706 425 dequeve-

319 441 421 482 stra
455 424 800 488 jucundissima
836 422 1210 489 familiaritate,
1247 442 1341 495 qua
1377 442 1454 476 me
1494 427 1706 488 DEUS,

323 511 414 560 pro
451 509 536 543 sua
557 492 791 545 immensa
829 489 1170 556 benignitate,
1207 491 1434 561 dignatus
1471 506 1577 548 est,
1604 492 1706 544 Ea-

361 574 434 607 ειη
482 559 612 609 enim
648 556 801 619 opera
837 571 1033 611 mecum
1069 563 1277 619 reputo‚'
1320 573 1380 614 ac
1415 559 1561 624 plane
1595 574 1704 614 sen-

318 625 429 684 ti0‚
482 635 723 691 quantum
776 619 894 671 olim
946 622 1182 687 temporis
1234 620 1409 680 frustra
1451 625 1706 680 contrive-

322 691 446 750 rim,
496 690 579 756 qui
630 705 690 738 ex
745 702 910 738 vestra
963 687 1270 743 sanctissima
1315 692 1729 754 consuettidine,

316 760 580 823 terrimque
630 754 903 811 divinarum
940 755 1147 815 notitia,
1201 767 1304 809 tam
1343 758 1572 824 exiguum
1623 755 1703 808 ce-'

317 824 473 887 perim
527 821 776 877 fructum.
829 820 982 874 Vobis
1019 819 1249 884 profecto
1303 822 1702 886 deprecatoribus

314 892 412 945 hoc
446 890 496 937 in
535 904 612 945 me
649 890 844 937 tantiim
885 889 1065 938 DEUS
1103 886 1318 940 contulit
1353 888 1611 950 beneficii,
1646 902 1704 941 ut
1775 925 1780 930 .

315 955 538 1021 quamvis
572 955 744 1009 absens
781 971 1022 1017 corpore,
1077 953 1357 1021 intelligam
1394 967 1562 1009 vestro
1598 968 1700 1005 stu-

314 1025 399 1074 dio
438 1039 496 1073 ac
535 1021 891 1084 deprecatione
929 1020 1175 1076 infinitam
1231 1020 1529 1076 delictorum
1564 1036 1702 1072 meo·

310 1107 418 1147 rum¹
456 1087 824 1143 multitudinem
862 1086 977 1142 mihi
1015 1086 1247 1144 divinitus
1284 1087 1508 1149 ostendi,
1546 1099 1702 1154 atque

315 1158 379 1211 acl
434 1157 516 1210 has
554 1153 879 1207 Ethnicorum
932 1152 1161 1218 regiones
1216 1157 1414 1210 strenue
1464 1152 1703 1205 colendas

316 1223 510 1278 animos
545 1236 604 1275 ac
643 1219 767 1269 vires
804 1218 948 1268 addi.
987 1218 1331 1288 Qamobrem
1370 1219 1600 1288 ingentes
1634 1220 1703 1270 di-

311 1289 438 1338 vinae
460 1284 760 1353 benignitati
799 1283 1133 1349 charitatique
1155 1298 1328 1334 vestrae
1352 1288 1538 1353 gratias
1573 1302 1704 1354 ago,

309 1356 384 1410 Ex
438 1353 601 1408 multis
639 1365 807 1408 autem
866 1366 924 1398 ac
962 1350 1152 1417 magnis
1188 1349 1328 1410 hujus
1378 1353 1493 1402 vitae
1530 1350 1700 1406 fructi-

312 1423 430 1482 bus,
467 1435 589 1487 quos
627 1419 787 1466 adhuc
826 1419 945 1466 DEI
985 1416 1227 1466 beneficio
1264 1416 1407 1481 cepi,
1444 1418 1502 1472 &
1537 1419 1701 1484 quoti-

313 1488 394 1539 die
448 1485 626 1548 capio‚
694 1484 830 1531 illum
889 1482 1149 1537 enimvero
1203 1484 1334 1531 duco
1393 1482 1699 1548 maximum3

313 1553 448 1619 quod
474 1563 651 1600 nostrae
691 1549 957 1600 Societatis
991 1550 1280 1604 Institutum
1313 1549 1565 1605 Pontificis
1591 1553 1702 1600 Ma,

316 1619 433 1670 ximi
472 1616 778 1674 auctoritate
815 1616 1204 1678 comprobatum
1253 1615 1702 1682 confirmattimque

314 1703 418 1737 esse
456 1684 675 1750 cognovi
699 1720 710 1732 .
749 1682 1062 1739 Immortales
1101 1683 1248 1731 DEO
1286 1681 1471 1748 gratias
1509 1682 1567 1739 &
1601 1698 1700 1750 ago

314 1755 371 1804 &
407 1752 604 1810 habeo,
643 1749 756 1814 qui,
795 1763 941 1811 quam
982 1748 1098 1799 vitae
1135 1748 1384 1803 rationem
1419 1764 1564 1798 servo
1609 1765 1700 1799 suo

312 1817 513 1869 Parenti
568 1830 738 1865 nostro
795 1813 996 1865 lunatio
1051 1814 1178 1864 clam
1233 1814 1336 1879 ipse
1399 1813 1698 1879 praescripse-

314 1898 393 1935 rat
447 1886 554 1950 (Ι),
610 1899 721 1932 eam
798 1855 1063 1946 aliquando
1123 1897 1212 1945 per
1261 1897 1398 1929 suurn
1453 1879 1700 1932 Vicarium

311 1951 477 2018 palam
513 1948 724 1999 stabiliri
763 1947 957 2009 voluit,
1013 1949 1075 1998 ad
1109 1947 1400 2005 memoriam
1435 1946 1698 2020 poster-itas

1570 2026 1630 2070 tis

336 2149 1681 2180 1„·2u‘:›-11-‹21ut·›‹·.;2··.>‹·.,utzs-tzssizuiznxu:,cz-1:21::sot:az:utmttntzxtzntmnnttnt>⁸2:212

314 2214 368 2253 ad
398 2214 572 2253 salutem
609 2215 832 2254 necessaria
852 2230 866 2258 ,-
897 2214 946 2252 ab
972 2214 1070 2255 ovili
1100 2216 1213 2267 lupos
1231 2218 1446 2254 arcerent,·
1467 2217 1663 2249 nutantes
1681 2240 1695 2262 ‚

316 2279 393 2307 aut
424 2273 553 2321 lapsos
580 2272 670 2319 jam
705 2284 726 2308 a
752 2271 832 2320 side
864 2270 1184 2321 corroborarent,
1230 2278 1270 2308 et
1301 2268 1526 2318 erigerent:
1556 2280 1689 2318 quan·

315 2334 352 2362 to
382 2326 606 2376 paratiores
635 2336 764 2366 errent
783 2327 836 2364 ad
853 2327 1093 2366 reddendam
1116 2322 1278 2365 Domino
1308 2323 1504 2362 rationem
1526 2352 1537 2372 ,
1569 2336 1691 2374 quam

312 2391 531 2425 exacturus
564 2393 621 2421 est
645 2415 655 2432 ,
688 2384 850 2422 dicens.-
884 2383 998 2421 redde
1030 2391 1227 2423 rattonem
1257 2377 1524 2422 villicationis
1553 2387 1661 2421 tua.

430 2442 488 2487 (x)
524 2438 601 2479 Ed.
634 2441 744 2480 Lov.
774 2444 1089 2492 inspiraverat.
