1781 2889
263 150 776 208 EPISTOLARUM.
811 154 916 202 Lib.
951 158 991 204 1.
1028 156 1116 219 Ep.
1151 157 1284 206 er.
1353 154 1409 208 81

104 246 430 310 domesticOS,
466 249 754 314 vicinosque
789 247 1021 312 deinceps
1059 247 1302 298 docerent
1334 264 1476 298 suos.

168 332 210 382 3.
248 315 525 366 Dominicis
560 321 708 378 porro
743 314 911 363 diebus
962 315 1089 364 viros
1126 330 1185 362 ac
1220 314 1477 377 mulieres,

98 395 274 443 pueros
312 397 370 429 ac
404 381 589 444 puellas
625 397 813 434 sacram
833 380 883 429 in
908 381 1059 430 aedem
1095 380 1441 429 convocabam
1464 418 1478 430 .

100 447 485 496 Conveniebant
522 463 695 496 omnes
731 452 847 497 sane
884 445 1143 506 alacriter,
1193 451 1479 513 magnoque

100 527 210 559 cum
247 513 412 562 studio
447 513 854 566 audiendi.Tum
891 530 985 580 ego
1021 511 1242 561 omnibus
1274 513 1475 561 audien-

96 577 224 626 tibus
263 595 460 628 exorsus
496 584 524 629 a
562 578 876 633 confessione
912 577 1223 631 sanctissimae
1259 578 1474 628 Trinita-

98 640 188 701 tis,
227 645 551 697 Dominicam
591 644 915 707 Orationem,
970 644 1334 696 Salutationem
1372 647 1473 695 An-

94 709 335 772 gelicam,
385 711 674 776 Symbolum
723 710 1078 774 Apostolorum
1131 709 1295 773 patrio
1345 708 1472 773 ipso-

93 791 201 824 rum
252 792 523 838 sermone,
576 777 806 841 claraque
870 793 996 830 voce
1054 774 1472 839 pronuntiabam;

93 855 394 903 praeeuntem
442 859 611 892 omnes
662 845 845 905 pariter
895 843 1256 907 sequebantur,
1313 844 1471 905 eaque

94 921 156 954 ex
192 923 241 956 re
279 909 591 973 voluptatem
628 909 891 970 capiebant
928 926 1026 960 non
1063 907 1318 974 vulgarem
1341 943 1353 955 .
1389 910 1468 958 In-

93 973 155 1020 de
193 974 481 1036 Symbolum
533 991 628 1041 ego
683 975 921 1026 iterabam,
975 973 1133 1032 solus,
1183 974 1240 1027 &
1289 973 1337 1020 in
1374 974 1469 1021 sin-

90 1037 214 1103 gulis
251 1037 349 1097 ejus
385 1040 625 1104 capitibus
659 1041 944 1094 insistebam
967 1076 978 1087 .
1026 1037 1348 1090 Percontanti
1383 1040 1468 1088 au-

91 1117 196 1152 tem
233 1105 348 1159 mihi
383 1105 696 1171 singillatim,
735 1108 896 1158 utrum
934 1104 1019 1152 illa
1052 1104 1156 1152 sine
1192 1103 1293 1151 ulla
1328 1104 1464 1152 dubi..

90 1170 284 1225 tatione
320 1173 607 1230 crederent,
646 1187 814 1220 omnes
849 1171 1031 1234 pariter
1077 1168 1320 1218 contenta
1373 1172 1462 1219 vo-'

91 1242 181 1294 ω’,
219 1235 542 1291 conformatis
579 1236 641 1289 ad
676 1249 847 1300 pectus
882 1237 931 1285 in
965 1235 1115 1285 crucis
1138 1235 1342 1301 figuram
1362 1250 1466 1284 ma-

90 1300 229 1349 nibus
252 1335 265 1362 ,
302 1319 352 1352 se
391 1308 503 1352 vere
539 1302 736 1357 credere
772 1301 1086 1352 affirmabant
1109 1337 1120 1348 .
1174 1300 1467 1364 Symbolum

90 1367 258 1431 utique
293 1370 494 1432 saepius,
533 1371 678 1433 quam
714 1368 832 1418 alias
853 1368 1164 1433 precationes
1193 1383 1278 1416 eos
1315 1365 1465 1425 jubeo

91 1433 334 1487 recitare:
373 1436 430 1492 <Sc
480 1433 621 1485 simul
670 1436 861 1495 doce0,
915 1435 1208 1500 quicumque
1258 1434 1465 1484 credant:

91 1513 182 1558 ea,
219 1515 324 1565 quae
361 1499 599 1563 Symbolo
636 1501 985 1561 continentur,
1024 1498 1264 1563 appellari
1319 1499 1462 1548 Chri-

91 1562 307 1614 stianos.
346 1567 622 1615 Secundum
673 1566 1064 1631 explicationem
1118 1563 1341 1628 Symboli
1394 1565 1465 1613 ita

91 1628 161 1678 eis
194 1628 390 1683 inculco
427 1633 772 1700 Decalogum,
825 1647 880 1682 ut
931 1632 1189 1683 ostendam
1225 1629 1463 1679 Christia-

89 1710 201 1742 nam
237 1694 399 1761 legem
435 1698 607 1747 decem
644 1698 736 1748 illis
783 1698 1038 1762 praeceptis
1084 1694 1367 1756 contineri3
1402 1711 1463 1744 ea

89 1760 384 1827 quicumque
420 1775 475 1813 ut
508 1780 595 1826 par
630 1776 732 1824 est,
769 1776 933 1813 servet
984 1764 1184 1822 omnia,
1239 1762 1367 1810 hunc
1403 1762 1462 1813 δὲ

88 1826 293 1889 probum
341 1843 442 1877 esse
477 1830 836 1889 Christianum,
876 1831 932 1883 δε
966 1842 1197 1882 aeternam
1249 1826 1458 1876 salutem

88 1891 398 1956 exploratam
435 1895 645 1957 habere3
682 1898 887 1954 contra,
942 1895 1023 1959 qui
1058 1911 1207 1947 unum
1261 1892 1462 1957 aliquod

88 1973 260 2006 eorum
298 1959 548 2026 negligat,
571 1960 903 2015 Christianum
939 1977 1042 2011 esse
1075 1959 1461 2024 improbum,&

90 2024 155 2072 ad
188 2022 371 2074 inferos
407 2026 654 2077 detrusum
689 2028 777 2089 iri,
815 2027 902 2076 nisi
937 2043 1048 2078 eum
1082 2025 1328 2078 commissi
1366 2025 1458 2072 rite

89 2091 369 2152 poeniteat.
405 2092 480 2141 Ad
515 2093 616 2143 haec
652 2106 756 2143 tum
794 2093 1080 2156 Neophyti,
1125 2106 1230 2142 tum
1265 2088 1464 2139 Ethniei

88 2154 276 2206 scilicet
311 2158 684 2222 obstupescunt,
722 2161 830 2209 cum
865 2159 945 2208 vel
991 2160 1103 2209 hinc
1150 2156 1459 2207 animadver-

89 2229 229 2282 tant,
266 2227 408 2287 quiim
444 2239 614 2275 sancta
654 2226 714 2274 sit
749 2225 1136 2275 Christianorum
1172 2224 1277 2280 lex,
1315 2223 1460 2286 quam

89 2285 177 2400 {libi
212 2304 547 2403 cc1>nsentanea
568 2327 581 2355 ,
618 2295 763 2359 quam
799 2307 1071 2360 congruens
1107 2289 1322 2404 rationih.
1360 2287 1459 2338 Sub

135 2369 215 2402 om.
276 2392 288 2407 .
710 2360 744 2408 F.
1323 2368 1389 2407 ατε
