1781 2889
320 211 416 245 100
569 195 621 245 S.
656 193 1033 246 FRANCISCI
1067 193 1366 249 XAVERH
1424 214 1426 216 ·

525 358 1092 410 EPISTOLA
1161 358 1371 412 XVI.

853 489 1060 543 Eidem.

257 630 375 675 Cum
428 624 664 673 secleratis
716 624 991 690 agendum,
1040 634 1092 672 ut
1151 626 1310 673 suevit
1361 626 1494 674 Deus
1542 643 1643 675 cum

326 692 525 751 eisdem,
580 705 622 739 et
658 704 874 755 parentes
933 708 1032 738 cum
1087 689 1278 738 liberis.
1342 693 1422 738 De
1455 691 1644 741 ebriosis

329 760 639 817 mulierculis,
676 757 733 804 de
759 755 988 805 Mattbaeo
1024 757 1253 822 quodam,
1278 771 1336 804 ac
1370 758 1427 805 de
1463 759 1645 807 Patan-

317 827 551 938 ¹:gfttihus-d.
589 827 668 872 De
701 824 1012 890 parvulorum
1047 824 1225 884 salute,
1271 824 1543 888 adultisque
1575 829 1644 872 in-

314 900 509 959 forman
548 895 620 942 is·.

266 1043 308 1076 1.
460 1021 678 1072 arissime
749 1022 796 1070 in
869 1022 1071 1073 Christo
1140 1022 1352 1072 Frater:
1427 1019 1647 1072 Multum

324 1107 329 1112 ·
493 1106 572 1139 me
610 1103 896 1138 recrearunt
950 1103 1046 1139 tuae
1101 1089 1284 1138 literae.
1340 1088 1502 1139 Etiam
1569 1102 1646 1138 at-

260 1175 355 1223 que
392 1158 547 1206 etiam
585 1173 676 1206 oro
715 1169 801 1206 te:
839 1156 907 1205 sic
952 1173 1068 1223 agas
1105 1173 1216 1206 cum
1254 1154 1346 1204 ista
1392 1155 1649 1204 hominum

253 1226 410 1284 faece,
447 1236 503 1272 ut
539 1223 657 1271 boni
692 1225 858 1271 Patres
904 1223 1097 1283 solent,
1145 1238 1258 1271 cum
1313 1221 1450 1270 malis
1489 1221 1652 1283 Filiis;

255 1308 317 1341 ne
355 1290 522 1339 animo
558 1287 795 1354 frangaris
831 1289 1146 1352 quantumvis
1185 1285 1339 1337 multa
1391 1289 1488 1336 sint
1541 1303 1648 1351 quae

256 1358 393 1407 vides
429 1355 492 1404 ab
528 1355 581 1403 iis
619 1358 770 1419 prave
806 1370 864 1403 ac
899 1354 1139 1404 scelerate
1177 1354 1314 1403 fieri:
1356 1369 1468 1401 nam
1510 1355 1650 1401 Deus

255 1428 359 1488 ipse
397 1437 543 1486 quem
583 1434 686 1470 tam
723 1421 945 1488 graviter
982 1420 1278 1480 offendunt,
1317 1435 1418 1467 non
1455 1435 1539 1468 eos
1578 1432 1653 1468 ta-

258 1506 373 1539 men
411 1487 681 1547 interficit,
720 1487 850 1552 quod
886 1503 985 1538 uno
1034 1500 1203 1550 potest
1249 1499 1405 1534 nutu:
1461 1501 1562 1533 non
1597 1484 1654 1537 iis

259 1557 439 1606 desinit
476 1554 536 1602 ad
573 1555 760 1603 victum
796 1555 855 1605 δε
891 1554 1080 1602 cultum
1117 1552 1432 1615 suppeditare
1487 1566 1655 1600 neces-

258 1623 416 1681 saria,
455 1636 561 1686 quae
599 1620 687 1669 nisi
725 1635 925 1668 manum
962 1620 1069 1684 ipsis
1107 1618 1240 1668 ultro
1275 1634 1411 1667 suam
1464 1617 1547 1667 ille
1598 1616 1654 1666 li-

258 1688 479 1739 beralem
517 1687 762 1749 aperiret,
801 1687 975 1751 utique
1028 1685 1325 1746 deficerent,
1382 1685 1438 1737 Sc
1483 1684 1652 1748 inopia

261 1755 459 1815 miseri,
497 1754 572 1803 uti
609 1766 724 1803 sunt
759 1753 917 1819 digni,
955 1753 1297 1803 tabescerent.
1336 1753 1450 1800 Hoc
1487 1766 1652 1803 exem-

260 1823 347 1887 plo
385 1822 446 1870 ad
480 1822 771 1886 aequitatem
810 1821 868 1872 δε
903 1832 958 1870 tu
984 1819 1136 1868 animi
1174 1831 1225 1869 te
1261 1833 1536 1884 componas
1571 1831 1653 1868 vc-

259 1891 382 1950 lim3
421 1904 609 1955 angore
645 1902 1018 1950 supervacaneo
1054 1902 1286 1936 excusso.

331 1973 374 2006 2.
411 1954 520 2004 Plus
555 1966 668 2003 sunt
705 1951 926 2020 frugiferi
973 1956 1120 2019 quam
1160 1964 1301 2016 putas
1353 1949 1548 2000 labores
1595 1950 1654 1998 Is-

262 2022 371 2071 thie
441 2021 556 2071 tui:
612 2020 668 2072 &
723 2036 1004 2085 quanquam
1060 2036 1160 2068 non
1214 2018 1413 2069 tantum
1463 2015 1657 2081 proficis

263 2102 509 2154 quantum
563 2102 797 2151 cuperes;
849 2103 1000 2135 navas
1053 2099 1253 2147 tamen,
1310 2084 1426 2134 mihi
1477 2083 1655 2142 crede,

263 2155 383 2204 czaris
421 2170 659 2219 operam,
710 2167 765 2204 ut
821 2152 921 2213 ejus
958 2167 1010 2203 te
1065 2153 1311 2216 poenitere
1365 2148 1654 2214 neutiquam

262 2223 472 2271 debeat.
518 2222 752 2335 Denique
789 2219 839 2268 in
877 2220 1226 2285 qualicumque
1261 2230 1482 2267 successu
1519 2227 1658 2264 certa

262 2289 348 2336 illa
386 2288 476 2338 tibi
515 2304 670 2337 conso
695 2288 802 2337 atio
855 2300 954 2347 est,
1010 2302 1095 2349 pet
1158 2298 1209 2334 te
1278 2298 1378 2332 non
1430 2281 1660 2343 stetisse3

267 2372 358 2404 nec
394 2355 550 2422 culpae
590 2353 934 2421 imputandum
973 2365 1068 2404 tuae
1107 2350 1240 2418 quod
1290 2364 1428 2400 secus
1476 2362 1660 2420 evene-

1477 2427 1575 2467 nt.
