<?xml version="1.0" encoding="UTF-8"?>
<!DOCTYPE html PUBLIC "-//W3C//DTD XHTML 1.0 Transitional//EN"
    "http://www.w3.org/TR/xhtml1/DTD/xhtml1-transitional.dtd">
<html xmlns="http://www.w3.org/1999/xhtml" xml:lang="en" lang="en">
 <head>
  <title>
</title>
<meta http-equiv="Content-Type" content="text/html;charset=utf-8" />
  <meta name='ocr-system' content='tesseract 3.04.00' />
  <meta name='ocr-capabilities' content='ocr_page ocr_carea ocr_par ocr_line ocrx_word'/>
</head>
<body>
  <div class='ocr_page' id='page_1' title='image "./sfranciscixaveri01fran_0346.png"; bbox 0 0 1781 2889; ppageno 0'>
   <div class='ocr_carea' id='block_1_1' title="bbox 347 201 1373 268">
    <p class='ocr_par' dir='ltr' id='par_1_1' title="bbox 347 201 1373 268">
     <span class='ocr_line' id='line_1_1' title="bbox 347 201 1373 268; baseline -0.001 -15"><span class='ocrx_word' id='word_1_1' title='bbox 347 218 443 268; x_wconf 86' lang='lat'>190</span> <span class='ocrx_word' id='word_1_2' title='bbox 577 202 626 250; x_wconf 82' lang='lat' dir='ltr'>S.</span> <span class='ocrx_word' id='word_1_3' title='bbox 662 201 1037 251; x_wconf 77' lang='lat' dir='ltr'>FRANCISCI</span> <span class='ocrx_word' id='word_1_4' title='bbox 1075 201 1373 252; x_wconf 84' lang='lat' dir='ltr'>XAVERII</span> 
     </span>
    </p>
   </div>
   <div class='ocr_carea' id='block_1_2' title="bbox 256 295 1663 2353">
    <p class='ocr_par' dir='ltr' id='par_1_2' title="bbox 263 295 1663 1756">
     <span class='ocr_line' id='line_1_2' title="bbox 274 295 1661 363; baseline -0.001 -14"><span class='ocrx_word' id='word_1_5' title='bbox 274 300 520 363; x_wconf 74' lang='lat' dir='ltr'>capitibus</span> <span class='ocrx_word' id='word_1_6' title='bbox 586 297 692 347; x_wconf 87' lang='lat' dir='ltr'>sine</span> <span class='ocrx_word' id='word_1_7' title='bbox 747 295 844 344; x_wconf 89' lang='lat' dir='ltr'>ulla</span> <span class='ocrx_word' id='word_1_8' title='bbox 907 295 1224 345; x_wconf 76' lang='lat' dir='ltr'>dubitatione</span> <span class='ocrx_word' id='word_1_9' title='bbox 1287 296 1618 351; x_wconf 76' lang='lat' dir='ltr'>assentiantur</span> <span class='ocrx_word' id='word_1_10' title='bbox 1641 336 1661 352; x_wconf 86' lang='lat'><em>.</em></span> 
     </span>
     <span class='ocr_line' id='line_1_3' title="bbox 275 361 1657 429; baseline -0.003 -16"><span class='ocrx_word' id='word_1_11' title='bbox 275 365 536 415; x_wconf 79' lang='lat' dir='ltr'>Continuo</span> <span class='ocrx_word' id='word_1_12' title='bbox 571 364 643 411; x_wconf 83' lang='lat' dir='ltr'>illi</span> <span class='ocrx_word' id='word_1_13' title='bbox 678 361 919 421; x_wconf 83' lang='lat' dir='ltr'>brachiis,</span> <span class='ocrx_word' id='word_1_14' title='bbox 957 362 1008 410; x_wconf 87' lang='lat' dir='ltr'>in</span> <span class='ocrx_word' id='word_1_15' title='bbox 1044 363 1200 412; x_wconf 87' lang='lat' dir='ltr'>crucis</span> <span class='ocrx_word' id='word_1_16' title='bbox 1260 361 1466 429; x_wconf 85' lang='lat' dir='ltr'>figuram</span> <span class='ocrx_word' id='word_1_17' title='bbox 1519 382 1657 416; x_wconf 86' lang='lat' dir='ltr'>com.</span> 
     </span>
     <span class='ocr_line' id='line_1_4' title="bbox 274 427 1658 496; baseline -0.001 -16"><span class='ocrx_word' id='word_1_18' title='bbox 274 432 476 496; x_wconf 75' lang='lat' dir='ltr'>positi5‚</span> <span class='ocrx_word' id='word_1_19' title='bbox 530 446 624 478; x_wconf 86' lang='lat' dir='ltr'>una</span> <span class='ocrx_word' id='word_1_20' title='bbox 676 444 848 478; x_wconf 86' lang='lat' dir='ltr'>omnes</span> <span class='ocrx_word' id='word_1_21' title='bbox 894 443 1021 477; x_wconf 90' lang='lat' dir='ltr'>voce</span> <span class='ocrx_word' id='word_1_22' title='bbox 1073 427 1367 489; x_wconf 85' lang='lat' dir='ltr'>clamitant,</span> <span class='ocrx_word' id='word_1_23' title='bbox 1419 444 1469 479; x_wconf 86' lang='lat' dir='ltr'>se</span> <span class='ocrx_word' id='word_1_24' title='bbox 1535 438 1658 484; x_wconf 73' lang='lat' dir='ltr'>vero</span> 
     </span>
     <span class='ocr_line' id='line_1_5' title="bbox 276 495 1660 563; baseline 0 -17"><span class='ocrx_word' id='word_1_25' title='bbox 276 498 472 562; x_wconf 87' lang='lat' dir='ltr'>penitus</span> <span class='ocrx_word' id='word_1_26' title='bbox 503 497 762 544; x_wconf 73' lang='lat' dir='ltr'>assentiri.</span> <span class='ocrx_word' id='word_1_27' title='bbox 799 496 924 544; x_wconf 87' lang='lat' dir='ltr'>Tum</span> <span class='ocrx_word' id='word_1_28' title='bbox 977 495 1172 542; x_wconf 87' lang='lat' dir='ltr'>demum</span> <span class='ocrx_word' id='word_1_29' title='bbox 1223 510 1308 544; x_wconf 87' lang='lat' dir='ltr'>eos</span> <span class='ocrx_word' id='word_1_30' title='bbox 1355 495 1446 546; x_wconf 72' lang='lat' dir='ltr'>rite</span> <span class='ocrx_word' id='word_1_31' title='bbox 1496 497 1660 563; x_wconf 89' lang='lat' dir='ltr'>bapti-</span> 
     </span>
     <span class='ocr_line' id='line_1_6' title="bbox 277 559 1663 626; baseline 0.002 -15"><span class='ocrx_word' id='word_1_32' title='bbox 277 580 371 622; x_wconf 90' lang='lat' dir='ltr'>zo,</span> <span class='ocrx_word' id='word_1_33' title='bbox 410 579 468 611; x_wconf 87' lang='lat' dir='ltr'>ac</span> <span class='ocrx_word' id='word_1_34' title='bbox 504 578 641 610; x_wconf 84' lang='lat' dir='ltr'>suum</span> <span class='ocrx_word' id='word_1_35' title='bbox 678 561 856 625; x_wconf 88' lang='lat' dir='ltr'>cuique</span> <span class='ocrx_word' id='word_1_36' title='bbox 906 576 1090 609; x_wconf 88' lang='lat' dir='ltr'>nomen</span> <span class='ocrx_word' id='word_1_37' title='bbox 1143 559 1286 609; x_wconf 85' lang='lat' dir='ltr'>trado</span> <span class='ocrx_word' id='word_1_38' title='bbox 1339 561 1573 626; x_wconf 87' lang='lat' dir='ltr'>scriptum</span> <span class='ocrx_word' id='word_1_39' title='bbox 1609 564 1663 615; x_wconf 85' lang='lat' dir='ltr'>in</span> 
     </span>
     <span class='ocr_line' id='line_1_7' title="bbox 275 628 1656 696; baseline -0.001 -19"><span class='ocrx_word' id='word_1_40' title='bbox 275 628 537 677; x_wconf 79' lang='lat' dir='ltr'>chartula.</span> <span class='ocrx_word' id='word_1_41' title='bbox 590 628 669 678; x_wconf 84' lang='lat' dir='ltr'>llli</span> <span class='ocrx_word' id='word_1_42' title='bbox 720 629 806 677; x_wconf 86' lang='lat' dir='ltr'>sub</span> <span class='ocrx_word' id='word_1_43' title='bbox 861 628 1197 691; x_wconf 58' lang='lat' dir='ltr'>Bapdsmum,</span> <span class='ocrx_word' id='word_1_44' title='bbox 1251 641 1384 675; x_wconf 86' lang='lat' dir='ltr'>suam</span> <span class='ocrx_word' id='word_1_45' title='bbox 1451 629 1656 696; x_wconf 88' lang='lat' dir='ltr'>quisque</span> 
     </span>
     <span class='ocr_line' id='line_1_8' title="bbox 267 691 1658 760; baseline 0.003 -18"><span class='ocrx_word' id='word_1_46' title='bbox 267 695 473 743; x_wconf 83' lang='lat' dir='ltr'>domum</span> <span class='ocrx_word' id='word_1_47' title='bbox 511 695 743 760; x_wconf 75' lang='lat' dir='ltr'>digressi,</span> <span class='ocrx_word' id='word_1_48' title='bbox 782 709 887 742; x_wconf 87' lang='lat' dir='ltr'>suas</span> <span class='ocrx_word' id='word_1_49' title='bbox 939 691 1176 758; x_wconf 80' lang='lat' dir='ltr'>conjuges</span> <span class='ocrx_word' id='word_1_50' title='bbox 1233 707 1291 740; x_wconf 88' lang='lat' dir='ltr'>ac</span> <span class='ocrx_word' id='word_1_51' title='bbox 1345 691 1554 744; x_wconf 83' lang='lat' dir='ltr'>familias</span> <span class='ocrx_word' id='word_1_52' title='bbox 1593 697 1658 746; x_wconf 88' lang='lat' dir='ltr'>ad</span> 
     </span>
     <span class='ocr_line' id='line_1_9' title="bbox 269 757 1656 824; baseline -0.004 -14"><span class='ocrx_word' id='word_1_53' title='bbox 269 777 350 810; x_wconf 89' lang='lat' dir='ltr'>me</span> <span class='ocrx_word' id='word_1_54' title='bbox 388 761 622 824; x_wconf 78' lang='lat' dir='ltr'>Baptisini</span> <span class='ocrx_word' id='word_1_55' title='bbox 660 761 819 824; x_wconf 70' lang='lat' dir='ltr'>gratia</span> <span class='ocrx_word' id='word_1_56' title='bbox 856 760 1106 808; x_wconf 77' lang='lat' dir='ltr'>adducunt:</span> <span class='ocrx_word' id='word_1_57' title='bbox 1136 795 1148 807; x_wconf 91' lang='lat'><strong>.</strong></span> <span class='ocrx_word' id='word_1_58' title='bbox 1184 757 1454 821; x_wconf 81' lang='lat' dir='ltr'>Baptizatis</span> <span class='ocrx_word' id='word_1_59' title='bbox 1488 762 1656 812; x_wconf 88' lang='lat' dir='ltr'>omni-</span> 
     </span>
     <span class='ocr_line' id='line_1_10' title="bbox 270 824 1655 887; baseline -0.001 -10"><span class='ocrx_word' id='word_1_60' title='bbox 270 829 389 887; x_wconf 81' lang='lat' dir='ltr'>bus,</span> <span class='ocrx_word' id='word_1_61' title='bbox 429 842 610 876; x_wconf 87' lang='lat' dir='ltr'>cuncta</span> <span class='ocrx_word' id='word_1_62' title='bbox 649 830 873 877; x_wconf 81' lang='lat' dir='ltr'>Deorum</span> <span class='ocrx_word' id='word_1_63' title='bbox 910 824 1024 874; x_wconf 86' lang='lat' dir='ltr'>fana</span> <span class='ocrx_word' id='word_1_64' title='bbox 1063 824 1352 884; x_wconf 82' lang='lat' dir='ltr'>disturbari,</span> <span class='ocrx_word' id='word_1_65' title='bbox 1390 826 1655 886; x_wconf 76' lang='lat' dir='ltr'>simulacra</span> 
     </span>
     <span class='ocr_line' id='line_1_11' title="bbox 267 890 1658 961; baseline 0.001 -17"><span class='ocrx_word' id='word_1_66' title='bbox 267 894 538 944; x_wconf 86' lang='lat' dir='ltr'>comminui</span> <span class='ocrx_word' id='word_1_67' title='bbox 575 894 739 944; x_wconf 83' lang='lat' dir='ltr'>statim</span> <span class='ocrx_word' id='word_1_68' title='bbox 778 894 998 956; x_wconf 88' lang='lat' dir='ltr'>impero.</span> <span class='ocrx_word' id='word_1_69' title='bbox 1048 890 1209 940; x_wconf 87' lang='lat' dir='ltr'>Nullis</span> <span class='ocrx_word' id='word_1_70' title='bbox 1259 891 1418 939; x_wconf 85' lang='lat' dir='ltr'>verbis</span> <span class='ocrx_word' id='word_1_71' title='bbox 1464 894 1658 961; x_wconf 82' lang='lat' dir='ltr'>assequi</span> 
     </span>
     <span class='ocr_line' id='line_1_12' title="bbox 273 956 1657 1025; baseline 0.001 -16"><span class='ocrx_word' id='word_1_72' title='bbox 273 977 469 1025; x_wconf 83' lang='lat' dir='ltr'>possem</span> <span class='ocrx_word' id='word_1_73' title='bbox 506 977 650 1020; x_wconf 81' lang='lat' dir='ltr'>eam,</span> <span class='ocrx_word' id='word_1_74' title='bbox 689 977 834 1025; x_wconf 87' lang='lat' dir='ltr'>quam</span> <span class='ocrx_word' id='word_1_75' title='bbox 872 976 932 1009; x_wconf 89' lang='lat' dir='ltr'>ex</span> <span class='ocrx_word' id='word_1_76' title='bbox 969 956 1206 1015; x_wconf 81' lang='lat' dir='ltr'>eiusmodi</span> <span class='ocrx_word' id='word_1_77' title='bbox 1244 959 1533 1021; x_wconf 78' lang='lat' dir='ltr'>spectaculo</span> <span class='ocrx_word' id='word_1_78' title='bbox 1572 977 1657 1010; x_wconf 85' lang='lat' dir='ltr'>ca-</span> 
     </span>
     <span class='ocr_line' id='line_1_13' title="bbox 271 1022 1656 1094; baseline 0.002 -20"><span class='ocrx_word' id='word_1_79' title='bbox 271 1028 357 1090; x_wconf 88' lang='lat' dir='ltr'>pio</span> <span class='ocrx_word' id='word_1_80' title='bbox 395 1028 743 1090; x_wconf 82' lang='lat' dir='ltr'>voluptatem3</span> <span class='ocrx_word' id='word_1_81' title='bbox 782 1028 892 1075; x_wconf 78' lang='lat' dir='ltr'>cum</span> <span class='ocrx_word' id='word_1_82' title='bbox 943 1026 1136 1074; x_wconf 88' lang='lat' dir='ltr'>videam</span> <span class='ocrx_word' id='word_1_83' title='bbox 1187 1023 1347 1073; x_wconf 85' lang='lat' dir='ltr'>everti</span> <span class='ocrx_word' id='word_1_84' title='bbox 1396 1022 1656 1094; x_wconf 82' lang='lat' dir='ltr'>frangique</span> 
     </span>
     <span class='ocr_line' id='line_1_14' title="bbox 270 1087 1655 1158; baseline 0.001 -15"><span class='ocrx_word' id='word_1_85' title='bbox 270 1093 407 1144; x_wconf 76' lang='lat' dir='ltr'>idola</span> <span class='ocrx_word' id='word_1_86' title='bbox 462 1095 523 1142; x_wconf 88' lang='lat' dir='ltr'>ab</span> <span class='ocrx_word' id='word_1_87' title='bbox 577 1094 664 1153; x_wconf 82' lang='lat' dir='ltr'>iis,</span> <span class='ocrx_word' id='word_1_88' title='bbox 721 1094 803 1158; x_wconf 88' lang='lat' dir='ltr'>qui</span> <span class='ocrx_word' id='word_1_89' title='bbox 851 1092 1005 1142; x_wconf 66' lang='lat' dir='ltr'>modo</span> <span class='ocrx_word' id='word_1_90' title='bbox 1057 1101 1200 1140; x_wconf 81' lang='lat' dir='ltr'>erant</span> <span class='ocrx_word' id='word_1_91' title='bbox 1245 1087 1558 1142; x_wconf 61' lang='lat' dir='ltr'>idololatrae.</span> <span class='ocrx_word' id='word_1_92' title='bbox 1595 1095 1655 1144; x_wconf 87' lang='lat' dir='ltr'>ln</span> 
     </span>
     <span class='ocr_line' id='line_1_15' title="bbox 263 1156 1650 1226; baseline 0 -19"><span class='ocrx_word' id='word_1_93' title='bbox 263 1159 454 1223; x_wconf 74' lang='lat' dir='ltr'>oppidis</span> <span class='ocrx_word' id='word_1_94' title='bbox 489 1160 729 1226; x_wconf 80' lang='lat' dir='ltr'>pagisque</span> <span class='ocrx_word' id='word_1_95' title='bbox 765 1158 966 1225; x_wconf 81' lang='lat' dir='ltr'>singulis</span> <span class='ocrx_word' id='word_1_96' title='bbox 1007 1156 1341 1207; x_wconf 86' lang='lat' dir='ltr'>Christianam</span> <span class='ocrx_word' id='word_1_97' title='bbox 1377 1157 1650 1208; x_wconf 83' lang='lat' dir='ltr'>institutio-</span> 
     </span>
     <span class='ocr_line' id='line_1_16' title="bbox 263 1221 1656 1291; baseline -0.001 -16"><span class='ocrx_word' id='word_1_98' title='bbox 263 1243 377 1276; x_wconf 86' lang='lat' dir='ltr'>nem</span> <span class='ocrx_word' id='word_1_99' title='bbox 416 1225 631 1290; x_wconf 84' lang='lat' dir='ltr'>ipsorum</span> <span class='ocrx_word' id='word_1_100' title='bbox 686 1225 854 1291; x_wconf 68' lang='lat' dir='ltr'>lingua</span> <span class='ocrx_word' id='word_1_101' title='bbox 909 1224 1241 1287; x_wconf 85' lang='lat' dir='ltr'>conscriptam</span> <span class='ocrx_word' id='word_1_102' title='bbox 1297 1221 1558 1289; x_wconf 77' lang='lat' dir='ltr'>relinque,</span> <span class='ocrx_word' id='word_1_103' title='bbox 1595 1225 1656 1278; x_wconf 73' lang='lat'>&lt;31</span> 
     </span>
     <span class='ocr_line' id='line_1_17' title="bbox 264 1288 1655 1356; baseline -0.001 -15"><span class='ocrx_word' id='word_1_104' title='bbox 264 1292 404 1342; x_wconf 81' lang='lat' dir='ltr'>simul</span> <span class='ocrx_word' id='word_1_105' title='bbox 442 1293 703 1356; x_wconf 61' lang='lat' dir='ltr'>praecipio,</span> <span class='ocrx_word' id='word_1_106' title='bbox 743 1291 1160 1356; x_wconf 85' lang='lat' dir='ltr'>quemadmodum</span> <span class='ocrx_word' id='word_1_107' title='bbox 1210 1304 1269 1338; x_wconf 89' lang='lat' dir='ltr'>ea</span> <span class='ocrx_word' id='word_1_108' title='bbox 1316 1288 1379 1338; x_wconf 87' lang='lat' dir='ltr'>sit</span> <span class='ocrx_word' id='word_1_109' title='bbox 1430 1303 1534 1340; x_wconf 91' lang='lat' dir='ltr'>tum</span> <span class='ocrx_word' id='word_1_110' title='bbox 1570 1307 1655 1339; x_wconf 86' lang='lat' dir='ltr'>an-</span> 
     </span>
     <span class='ocr_line' id='line_1_18' title="bbox 267 1353 1655 1422; baseline -0.002 -14"><span class='ocrx_word' id='word_1_111' title='bbox 267 1358 638 1419; x_wconf 81' lang='lat' dir='ltr'>temeridianis,</span> <span class='ocrx_word' id='word_1_112' title='bbox 677 1370 782 1406; x_wconf 81' lang='lat' dir='ltr'>tuin</span> <span class='ocrx_word' id='word_1_113' title='bbox 818 1355 1168 1422; x_wconf 85' lang='lat' dir='ltr'>pomeridianis</span> <span class='ocrx_word' id='word_1_114' title='bbox 1223 1353 1402 1404; x_wconf 86' lang='lat' dir='ltr'>scholis</span> <span class='ocrx_word' id='word_1_115' title='bbox 1455 1357 1655 1406; x_wconf 89' lang='lat' dir='ltr'>traden-</span> 
     </span>
     <span class='ocr_line' id='line_1_19' title="bbox 265 1418 1656 1492; baseline 0 -19"><span class='ocrx_word' id='word_1_116' title='bbox 265 1426 355 1474; x_wconf 85' lang='lat' dir='ltr'>da.</span> <span class='ocrx_word' id='word_1_117' title='bbox 396 1426 450 1474; x_wconf 61' lang='lat'>1³</span> <span class='ocrx_word' id='word_1_118' title='bbox 490 1441 585 1492; x_wconf 85' lang='lat' dir='ltr'>ego</span> <span class='ocrx_word' id='word_1_119' title='bbox 624 1424 705 1473; x_wconf 89' lang='lat' dir='ltr'>ubi</span> <span class='ocrx_word' id='word_1_120' title='bbox 743 1424 793 1472; x_wconf 91' lang='lat' dir='ltr'>in</span> <span class='ocrx_word' id='word_1_121' title='bbox 831 1441 929 1473; x_wconf 88' lang='lat' dir='ltr'>uno</span> <span class='ocrx_word' id='word_1_122' title='bbox 968 1422 1138 1487; x_wconf 88' lang='lat' dir='ltr'>aliquo</span> <span class='ocrx_word' id='word_1_123' title='bbox 1176 1437 1309 1487; x_wconf 87' lang='lat' dir='ltr'>pago</span> <span class='ocrx_word' id='word_1_124' title='bbox 1349 1418 1656 1484; x_wconf 82' lang='lat' dir='ltr'>perfeci,ad</span> 
     </span>
     <span class='ocr_line' id='line_1_20' title="bbox 266 1487 1656 1555; baseline -0.001 -15"><span class='ocrx_word' id='word_1_125' title='bbox 266 1491 415 1540; x_wconf 81' lang='lat' dir='ltr'>alium</span> <span class='ocrx_word' id='word_1_126' title='bbox 454 1491 704 1555; x_wconf 80' lang='lat' dir='ltr'>deniigro,</span> <span class='ocrx_word' id='word_1_127' title='bbox 742 1507 800 1539; x_wconf 91' lang='lat' dir='ltr'>ac</span> <span class='ocrx_word' id='word_1_128' title='bbox 838 1489 1070 1552; x_wconf 87' lang='lat' dir='ltr'>deinceps</span> <span class='ocrx_word' id='word_1_129' title='bbox 1094 1490 1141 1536; x_wconf 91' lang='lat' dir='ltr'>in</span> <span class='ocrx_word' id='word_1_130' title='bbox 1179 1487 1431 1537; x_wconf 82' lang='lat' dir='ltr'>alios.1ta</span> <span class='ocrx_word' id='word_1_131' title='bbox 1453 1504 1656 1539; x_wconf 91' lang='lat' dir='ltr'>omnem</span> 
     </span>
     <span class='ocr_line' id='line_1_21' title="bbox 265 1554 1655 1624; baseline -0.001 -17"><span class='ocrx_word' id='word_1_132' title='bbox 265 1558 525 1624; x_wconf 78' lang='lat' dir='ltr'>regionem</span> <span class='ocrx_word' id='word_1_133' title='bbox 564 1557 886 1613; x_wconf 82' lang='lat' dir='ltr'>circumiens,</span> <span class='ocrx_word' id='word_1_134' title='bbox 938 1554 1127 1604; x_wconf 84' lang='lat' dir='ltr'>incolas</span> <span class='ocrx_word' id='word_1_135' title='bbox 1176 1554 1235 1601; x_wconf 89' lang='lat' dir='ltr'>ad</span> <span class='ocrx_word' id='word_1_136' title='bbox 1286 1554 1469 1603; x_wconf 85' lang='lat' dir='ltr'>Christi</span> <span class='ocrx_word' id='word_1_137' title='bbox 1520 1572 1655 1605; x_wconf 84' lang='lat' dir='ltr'>com-</span> 
     </span>
     <span class='ocr_line' id='line_1_22' title="bbox 267 1619 1655 1691; baseline 0 -19"><span class='ocrx_word' id='word_1_138' title='bbox 267 1623 406 1688; x_wconf 82' lang='lat' dir='ltr'>pello</span> <span class='ocrx_word' id='word_1_139' title='bbox 442 1639 677 1691; x_wconf 74' lang='lat' dir='ltr'>gregem,</span> <span class='ocrx_word' id='word_1_140' title='bbox 716 1623 772 1674; x_wconf 86' lang='lat'>&amp;</span> <span class='ocrx_word' id='word_1_141' title='bbox 810 1623 1008 1686; x_wconf 77' lang='lat' dir='ltr'>quidem</span> <span class='ocrx_word' id='word_1_142' title='bbox 1048 1619 1234 1676; x_wconf 82' lang='lat' dir='ltr'>maiore</span> <span class='ocrx_word' id='word_1_143' title='bbox 1270 1635 1380 1667; x_wconf 90' lang='lat' dir='ltr'>cum</span> <span class='ocrx_word' id='word_1_144' title='bbox 1433 1621 1655 1689; x_wconf 84' lang='lat' dir='ltr'>gaudio,</span> 
     </span>
     <span class='ocr_line' id='line_1_23' title="bbox 266 1686 1657 1756; baseline -0.001 -16"><span class='ocrx_word' id='word_1_145' title='bbox 266 1695 413 1756; x_wconf 76' lang='lat' dir='ltr'>quani</span> <span class='ocrx_word' id='word_1_146' title='bbox 437 1701 490 1737; x_wconf 84' lang='lat' dir='ltr'>ut</span> <span class='ocrx_word' id='word_1_147' title='bbox 522 1689 849 1752; x_wconf 80' lang='lat' dir='ltr'>perlitteras,</span> <span class='ocrx_word' id='word_1_148' title='bbox 887 1702 972 1737; x_wconf 90' lang='lat' dir='ltr'>aut</span> <span class='ocrx_word' id='word_1_149' title='bbox 993 1691 1160 1736; x_wconf 74' lang='lat' dir='ltr'>coram</span> <span class='ocrx_word' id='word_1_150' title='bbox 1179 1686 1428 1748; x_wconf 80' lang='lat' dir='ltr'>explicare</span> <span class='ocrx_word' id='word_1_151' title='bbox 1450 1704 1657 1752; x_wconf 85' lang='lat' dir='ltr'>queam.</span> 
     </span>
    </p>

    <p class='ocr_par' dir='ltr' id='par_1_3' title="bbox 256 1751 1658 2353">
     <span class='ocr_line' id='line_1_24' title="bbox 338 1751 1658 1825; baseline -0.001 -21"><span class='ocrx_word' id='word_1_152' title='bbox 338 1775 381 1825; x_wconf 83' lang='lat'>3.</span> <span class='ocrx_word' id='word_1_153' title='bbox 422 1755 651 1804; x_wconf 87' lang='lat' dir='ltr'>Manaria</span> <span class='ocrx_word' id='word_1_154' title='bbox 689 1753 845 1803; x_wconf 88' lang='lat' dir='ltr'>insula</span> <span class='ocrx_word' id='word_1_155' title='bbox 883 1754 996 1805; x_wconf 87' lang='lat' dir='ltr'>hinc</span> <span class='ocrx_word' id='word_1_156' title='bbox 1032 1754 1169 1803; x_wconf 86' lang='lat' dir='ltr'>abest</span> <span class='ocrx_word' id='word_1_157' title='bbox 1223 1751 1375 1801; x_wconf 84' lang='lat' dir='ltr'>millia</span> <span class='ocrx_word' id='word_1_158' title='bbox 1431 1770 1658 1817; x_wconf 87' lang='lat' dir='ltr'>passuum</span> 
     </span>
     <span class='ocr_line' id='line_1_25' title="bbox 261 1818 1651 1880; baseline -0.001 -9"><span class='ocrx_word' id='word_1_159' title='bbox 261 1823 461 1873; x_wconf 87' lang='lat' dir='ltr'>circiter</span> <span class='ocrx_word' id='word_1_160' title='bbox 496 1824 579 1872; x_wconf 90' lang='lat' dir='ltr'>CL</span> <span class='ocrx_word' id='word_1_161' title='bbox 604 1841 621 1872; x_wconf 92' lang='lat'>.·</span> <span class='ocrx_word' id='word_1_162' title='bbox 656 1818 756 1880; x_wconf 84' lang='lat' dir='ltr'>ejus</span> <span class='ocrx_word' id='word_1_163' title='bbox 795 1821 970 1870; x_wconf 86' lang='lat' dir='ltr'>incolae</span> <span class='ocrx_word' id='word_1_164' title='bbox 1007 1833 1170 1870; x_wconf 84' lang='lat' dir='ltr'>certos</span> <span class='ocrx_word' id='word_1_165' title='bbox 1206 1819 1266 1867; x_wconf 82' lang='lat' dir='ltr'>ad</span> <span class='ocrx_word' id='word_1_166' title='bbox 1321 1836 1396 1868; x_wconf 89' lang='lat' dir='ltr'>me</span> <span class='ocrx_word' id='word_1_167' title='bbox 1433 1820 1651 1870; x_wconf 86' lang='lat' dir='ltr'>homines</span> 
     </span>
     <span class='ocr_line' id='line_1_26' title="bbox 265 1885 1655 1955; baseline -0.001 -19"><span class='ocrx_word' id='word_1_168' title='bbox 265 1888 550 1955; x_wconf 68' lang='lat' dir='ltr'>allegarunt</span> <span class='ocrx_word' id='word_1_169' title='bbox 605 1900 867 1955; x_wconf 83' lang='lat' dir='ltr'>rogatum,</span> <span class='ocrx_word' id='word_1_170' title='bbox 919 1899 975 1936; x_wconf 90' lang='lat' dir='ltr'>ut</span> <span class='ocrx_word' id='word_1_171' title='bbox 1030 1886 1265 1949; x_wconf 88' lang='lat' dir='ltr'>quoniam</span> <span class='ocrx_word' id='word_1_172' title='bbox 1314 1885 1504 1937; x_wconf 81' lang='lat' dir='ltr'>vellent</span> <span class='ocrx_word' id='word_1_173' title='bbox 1551 1886 1655 1936; x_wconf 86' lang='lat' dir='ltr'>fieri</span> 
     </span>
     <span class='ocr_line' id='line_1_27' title="bbox 258 1951 1652 2020; baseline -0.004 -15"><span class='ocrx_word' id='word_1_174' title='bbox 258 1955 556 2014; x_wconf 87' lang='lat' dir='ltr'>Christiani,</span> <span class='ocrx_word' id='word_1_175' title='bbox 594 1955 657 2002; x_wconf 88' lang='lat' dir='ltr'>ad</span> <span class='ocrx_word' id='word_1_176' title='bbox 696 1970 779 2003; x_wconf 91' lang='lat' dir='ltr'>eos</span> <span class='ocrx_word' id='word_1_177' title='bbox 817 1953 1143 2018; x_wconf 80' lang='lat' dir='ltr'>baptizandos</span> <span class='ocrx_word' id='word_1_178' title='bbox 1182 1951 1424 2016; x_wconf 85' lang='lat' dir='ltr'>proficisci</span> <span class='ocrx_word' id='word_1_179' title='bbox 1458 1968 1520 2002; x_wconf 88' lang='lat' dir='ltr'>ne</span> <span class='ocrx_word' id='word_1_180' title='bbox 1541 1967 1652 2020; x_wconf 89' lang='lat' dir='ltr'>gra-</span> 
     </span>
     <span class='ocr_line' id='line_1_28' title="bbox 262 2018 1643 2088; baseline -0.002 -17"><span class='ocrx_word' id='word_1_181' title='bbox 262 2037 407 2071; x_wconf 89' lang='lat' dir='ltr'>varer</span> <span class='ocrx_word' id='word_1_182' title='bbox 430 2059 441 2069; x_wconf 89' lang='lat'><strong>.</strong></span> <span class='ocrx_word' id='word_1_183' title='bbox 477 2023 585 2088; x_wconf 88' lang='lat' dir='ltr'>Ego</span> <span class='ocrx_word' id='word_1_184' title='bbox 622 2023 732 2069; x_wconf 77' lang='lat' dir='ltr'>cum</span> <span class='ocrx_word' id='word_1_185' title='bbox 784 2018 1075 2085; x_wconf 85' lang='lat' dir='ltr'>gravissimis</span> <span class='ocrx_word' id='word_1_186' title='bbox 1113 2018 1360 2084; x_wconf 87' lang='lat' dir='ltr'>negotiis,</span> <span class='ocrx_word' id='word_1_187' title='bbox 1407 2018 1643 2068; x_wconf 72' lang='lat' dir='ltr'>maxime·</span> 
     </span>
     <span class='ocr_line' id='line_1_29' title="bbox 259 2084 1648 2154; baseline -0.004 -16"><span class='ocrx_word' id='word_1_188' title='bbox 259 2104 358 2154; x_wconf 89' lang='lat' dir='ltr'>que</span> <span class='ocrx_word' id='word_1_189' title='bbox 411 2087 474 2136; x_wconf 90' lang='lat' dir='ltr'>ad</span> <span class='ocrx_word' id='word_1_190' title='bbox 528 2102 628 2135; x_wconf 87' lang='lat' dir='ltr'>rem</span> <span class='ocrx_word' id='word_1_191' title='bbox 665 2086 995 2141; x_wconf 75' lang='lat' dir='ltr'>Christianam</span> <span class='ocrx_word' id='word_1_192' title='bbox 1032 2085 1392 2148; x_wconf 84' lang='lat' dir='ltr'>pertinentibus</span> <span class='ocrx_word' id='word_1_193' title='bbox 1446 2084 1648 2133; x_wconf 87' lang='lat' dir='ltr'>distine-</span> 
     </span>
     <span class='ocr_line' id='line_1_30' title="bbox 259 2148 1642 2216; baseline -0.004 -14"><span class='ocrx_word' id='word_1_194' title='bbox 259 2171 370 2214; x_wconf 81' lang='lat' dir='ltr'>rer,</span> <span class='ocrx_word' id='word_1_195' title='bbox 409 2153 477 2202; x_wconf 90' lang='lat' dir='ltr'>ire</span> <span class='ocrx_word' id='word_1_196' title='bbox 515 2155 614 2216; x_wconf 89' lang='lat' dir='ltr'>ipse</span> <span class='ocrx_word' id='word_1_197' title='bbox 651 2169 753 2201; x_wconf 90' lang='lat' dir='ltr'>non</span> <span class='ocrx_word' id='word_1_198' title='bbox 791 2153 961 2216; x_wconf 85' lang='lat' dir='ltr'>potui.</span> <span class='ocrx_word' id='word_1_199' title='bbox 1001 2153 1174 2215; x_wconf 84' lang='lat' dir='ltr'>Itaque</span> <span class='ocrx_word' id='word_1_200' title='bbox 1211 2164 1400 2201; x_wconf 88' lang='lat' dir='ltr'>certum</span> <span class='ocrx_word' id='word_1_201' title='bbox 1437 2148 1642 2199; x_wconf 86' lang='lat' dir='ltr'>exoravi</span> 
     </span>
     <span class='ocr_line' id='line_1_31' title="bbox 257 2216 1643 2281; baseline -0.004 -12"><span class='ocrx_word' id='word_1_202' title='bbox 257 2220 613 2280; x_wconf 81' lang='lat' dir='ltr'>Sacerdotem,</span> <span class='ocrx_word' id='word_1_203' title='bbox 662 2231 717 2268; x_wconf 89' lang='lat' dir='ltr'>ut</span> <span class='ocrx_word' id='word_1_204' title='bbox 767 2218 858 2268; x_wconf 89' lang='lat' dir='ltr'>iret</span> <span class='ocrx_word' id='word_1_205' title='bbox 914 2235 1028 2268; x_wconf 89' lang='lat' dir='ltr'>meo</span> <span class='ocrx_word' id='word_1_206' title='bbox 1082 2220 1198 2267; x_wconf 90' lang='lat' dir='ltr'>loco</span> <span class='ocrx_word' id='word_1_207' title='bbox 1253 2220 1395 2281; x_wconf 76' lang='lat' dir='ltr'>quam</span> <span class='ocrx_word' id='word_1_208' title='bbox 1433 2216 1643 2278; x_wconf 76' lang='lat' dir='ltr'>primum</span> 
     </span>
     <span class='ocr_line' id='line_1_32' title="bbox 256 2281 1642 2353; baseline -0.004 -19"><span class='ocrx_word' id='word_1_209' title='bbox 256 2287 317 2335; x_wconf 81' lang='lat' dir='ltr'>ad</span> <span class='ocrx_word' id='word_1_210' title='bbox 355 2286 465 2335; x_wconf 88' lang='lat' dir='ltr'>illos</span> <span class='ocrx_word' id='word_1_211' title='bbox 504 2285 761 2348; x_wconf 76' lang='lat' dir='ltr'>Baptismo</span> <span class='ocrx_word' id='word_1_212' title='bbox 798 2286 1096 2346; x_wconf 84' lang='lat' dir='ltr'>expiandos,</span> <span class='ocrx_word' id='word_1_213' title='bbox 1145 2285 1354 2347; x_wconf 85' lang='lat' dir='ltr'>Jamque</span> <span class='ocrx_word' id='word_1_214' title='bbox 1410 2281 1642 2353; x_wconf 24' lang='lat' dir='ltr'>isflpluri-</span> 
     </span>
    </p>
   </div>
   <div class='ocr_carea' id='block_1_3' title="bbox 258 2347 1650 2475">
    <p class='ocr_par' dir='ltr' id='par_1_4' title="bbox 258 2347 1650 2475">
     <span class='ocr_line' id='line_1_33' title="bbox 258 2347 1650 2419; baseline -0.001 -18"><span class='ocrx_word' id='word_1_215' title='bbox 258 2369 365 2403; x_wconf 87' lang='lat' dir='ltr'>mos</span> <span class='ocrx_word' id='word_1_216' title='bbox 417 2352 734 2418; x_wconf 69' lang='lat' dir='ltr'>baptizarat,</span> <span class='ocrx_word' id='word_1_217' title='bbox 792 2354 903 2404; x_wconf 74' lang='lat' dir='ltr'>cum</span> <span class='ocrx_word' id='word_1_218' title='bbox 957 2354 1066 2403; x_wconf 85' lang='lat' dir='ltr'>Rex</span> <span class='ocrx_word' id='word_1_219' title='bbox 1119 2347 1556 2419; x_wconf 60' lang='lat' dir='ltr'>Jafanapatamaej,</span> <span class='ocrx_word' id='word_1_220' title='bbox 1593 2349 1650 2400; x_wconf 79' lang='lat' dir='ltr'>in</span> 
     </span>
     <span class='ocr_line' id='line_1_34' title="bbox 1446 2430 1579 2475; baseline -0.008 -12"><span class='ocrx_word' id='word_1_221' title='bbox 1446 2430 1579 2475; x_wconf 72' lang='lat' dir='ltr'>cujus</span> 
     </span>
    </p>
   </div>
  </div>
 </body>
</html>
