1781 2889
303 222 397 277 1⁸22
566 208 615 256 S.
651 205 1027 257 FRANCISCI
1064 201 1360 253 XAVERII

237 317 440 364 mento²
478 303 658 353 docens
697 318 867 351 omnes
904 303 960 352 ὃς
997 316 1203 350 monens
1242 316 1346 365 quae
1367 314 1490 363 opus
1509 309 1618 348 est.

240 370 573 420 Peculiarem‘
617 381 824 433 eamque
879 383 1043 416 acrem
1111 365 1417 433 diligentiam
1470 364 1622 415 velim

240 438 474 485 adhibeas
528 437 575 483 in
625 434 839 496 parvulis
885 434 1064 497 ubique
1115 449 1284 482 recens
1323 432 1448 481 natis
1494 432 1624 496 aquil

240 505 376 552 sacra
412 502 673 550 lustrandis
697 538 708 549 .
744 499 936 567 Qibus
972 513 1088 546 cura
1125 499 1361 547 incumbit
1411 497 1626 547 docendi

243 573 454 627 Pueros,
492 583 676 632 eosque
715 567 853 615 statis
890 564 1019 614 horis
1054 564 1423 631 congregandi,
1461 581 1525 613 an
1546 560 1623 613 of·

245 637 362 686 ficio
401 633 669 699 fungantur
705 633 852 682 vide.

315 719 359 769 3.
398 701 623 750 Manue‘li
661 703 688 748 a
726 701 889 749 Cruce
911 698 1221 748 Combuture
1242 698 1455 748 moranti
1490 712 1625 747 com-

245 768 450 828 menda,
488 781 544 818 ut
579 765 840 830 plurimum
878 763 1106 830 invigilet
1141 766 1328 814 duobus
1365 764 1454 812 illis
1486 763 1628 814 Chri-

245 837 519 884 stianorum
558 837 826 883 Carearum
862 831 1028 898 PagiS‚
1065 831 1330 898 diligenter
1364 831 1629 880 attendens

247 902 488 966 primum,
529 913 584 949 ut
620 899 972 948 subnascentes
1008 895 1139 947 forte
1177 897 1425 947 discordiae
1462 896 1633 945 statim

246 969 604 1035 extinguantur
639 967 834 1015 matura
867 963 1278 1014 reconciliatione
1312 963 1510 1031 gratiae‚
1547 962 1634 1011 de-

253 1037 368 1085 inde
406 1050 468 1084 ne
505 1034 607 1098 quis
645 1033 866 1099 Pagodes
901 1031 1116 1092 sculpat,
1164 1047 1312 1079 nemo
1358 1043 1480 1094 potu
1536 1030 1632 1078 Or-

255 1117 380 1151 racae
418 1117 467 1150 se
503 1100 713 1150 inebriet
735 1136 748 1148 .
782 1102 972 1148 Omnes
1010 1097 1290 1147 Dominicis
1325 1111 1633 1164 congregen-

253 1183 334 1217 tur
369 1169 432 1216 ad
468 1183 638 1231 preces
674 1164 989 1223 recitandas,
1025 1163 1423 1228 audiendumque
1477 1163 1631 1211 Cate-

256 1236 527 1283 chismum:
568 1232 671 1282 Viri
708 1232 905 1297 quidem
942 1234 1084 1278 mane
1107 1248 1118 1289 ;
1143 1230 1377 1279 Mulieres
1399 1243 1634 1291 vespere.

258 1301 308 1350 Si
346 1300 440 1350 erit
475 1297 617 1348 isthic
654 1298 931 1346 Franciscus
955 1295 1210 1356 Coellius,
1246 1296 1324 1345 dic
1359 1294 1455 1355 illi,
1494 1293 1633 1343 festi-

258 1380 344 1416 net
379 1367 580 1425 venire,
615 1364 685 1412 sic
721 1363 886 1423 jubere
923 1379 1031 1412 me.
1083 1365 1220 1410 Deus
1255 1375 1306 1412 te
1343 1362 1428 1411 sua
1464 1373 1633 1426 prote-

259 1434 431 1483 ctione
483 1430 765 1480 custodiat.
816 1428 980 1480 Vale.
1036 1431 1313 1490 Manapare
1368 1428 1460 1476 hac
1513 1424 1639 1476 feria

260 1499 473 1550 secunda
508 1515 564 1548 xl
579 1514 617 1547 1.
653 1495 761 1546 Kal.
791 1495 949 1560 Julias
985 1497 1134 1545 Anno
1171 1493 1474 1544 MDXLIV.

399 1633 513 1695 Jam
549 1629 765 1696 persolvi
800 1629 908 1678 huic
949 1630 1156 1688 Mauro,
1193 1627 1272 1676 cui
1318 1626 1464 1677 trado
1515 1627 1646 1678 hanc

270 1697 576 1762 Epistolam,
615 1698 747 1762 quod
800 1694 869 1742 illi
913 1695 1259 1760 promiseram,
1312 1706 1367 1744 ut
1418 1693 1512 1744 iret
1547 1695 1645 1744 Ca-

273 1778 564 1830 reapataum
586 1800 599 1812 .

406 1899 536 1947 Tuus
570 1897 617 1947 in
656 1895 856 1948 Christo
892 1894 1254 1947 amantissimus
1290 1896 1458 1945 Frater

1277 2031 1550 2081 franciscus
1567 2063 1583 2076 .

1467 2419 1592 2475 EPI-
