<?xml version="1.0" encoding="UTF-8"?>
<!DOCTYPE html PUBLIC "-//W3C//DTD XHTML 1.0 Transitional//EN"
    "http://www.w3.org/TR/xhtml1/DTD/xhtml1-transitional.dtd">
<html xmlns="http://www.w3.org/1999/xhtml" xml:lang="en" lang="en">
 <head>
  <title>
</title>
<meta http-equiv="Content-Type" content="text/html;charset=utf-8" />
  <meta name='ocr-system' content='tesseract 3.04.00' />
  <meta name='ocr-capabilities' content='ocr_page ocr_carea ocr_par ocr_line ocrx_word'/>
</head>
<body>
  <div class='ocr_page' id='page_1' title='image "./sfranciscixaveri01fran_0192.png"; bbox 0 0 1781 2889; ppageno 0'>
   <div class='ocr_carea' id='block_1_1' title="bbox 409 163 1429 238">
    <p class='ocr_par' dir='ltr' id='par_1_1' title="bbox 409 163 1429 238">
     <span class='ocr_line' id='line_1_1' title="bbox 409 163 1429 238; baseline -0.003 -19"><span class='ocrx_word' id='word_1_1' title='bbox 409 167 474 238; x_wconf 77' lang='lat'><strong>36</strong></span> <span class='ocrx_word' id='word_1_2' title='bbox 637 166 687 216; x_wconf 83' lang='lat' dir='ltr'><strong>s,</strong></span> <span class='ocrx_word' id='word_1_3' title='bbox 725 164 1098 222; x_wconf 71' lang='lat' dir='ltr'>FRANCJSCI</span> <span class='ocrx_word' id='word_1_4' title='bbox 1133 163 1429 217; x_wconf 76' lang='lat' dir='ltr'>XAVERH</span> 
     </span>
    </p>
   </div>
   <div class='ocr_carea' id='block_1_2' title="bbox 335 264 1741 2325">
    <p class='ocr_par' dir='ltr' id='par_1_2' title="bbox 339 264 1741 1590">
     <span class='ocr_line' id='line_1_2' title="bbox 341 264 1734 327; baseline -0.003 -13"><span class='ocrx_word' id='word_1_5' title='bbox 341 264 581 314; x_wconf 77' lang='lat' dir='ltr'><strong>nevolum</strong></span> <span class='ocrx_word' id='word_1_6' title='bbox 617 264 867 314; x_wconf 81' lang='lat' dir='ltr'><strong>ostendit.</strong></span> <span class='ocrx_word' id='word_1_7' title='bbox 901 264 1043 315; x_wconf 91' lang='lat' dir='ltr'><strong>Adeo</strong></span> <span class='ocrx_word' id='word_1_8' title='bbox 1093 277 1148 313; x_wconf 91' lang='lat' dir='ltr'><strong>ut</strong></span> <span class='ocrx_word' id='word_1_9' title='bbox 1197 280 1363 314; x_wconf 87' lang='lat' dir='ltr'><strong>curam</strong></span> <span class='ocrx_word' id='word_1_10' title='bbox 1411 278 1610 315; x_wconf 88' lang='lat' dir='ltr'><strong>omnem</strong></span> <span class='ocrx_word' id='word_1_11' title='bbox 1644 280 1734 327; x_wconf 77' lang='lat' dir='ltr'><strong>no.</strong></span> 
     </span>
     <span class='ocr_line' id='line_1_3' title="bbox 344 329 1734 398; baseline 0.002 -20"><span class='ocrx_word' id='word_1_12' title='bbox 344 342 453 379; x_wconf 85' lang='lat' dir='ltr'><strong>strae</strong></span> <span class='ocrx_word' id='word_1_13' title='bbox 501 331 834 398; x_wconf 81' lang='lat' dir='ltr'><strong>navigationis</strong></span> <span class='ocrx_word' id='word_1_14' title='bbox 888 330 938 377; x_wconf 91' lang='lat' dir='ltr'><strong>in</strong></span> <span class='ocrx_word' id='word_1_15' title='bbox 988 347 1039 379; x_wconf 87' lang='lat' dir='ltr'><strong>se</strong></span> <span class='ocrx_word' id='word_1_16' title='bbox 1088 333 1371 395; x_wconf 77' lang='lat' dir='ltr'><strong>sumpserit,</strong></span> <span class='ocrx_word' id='word_1_17' title='bbox 1420 329 1734 396; x_wconf 83' lang='lat' dir='ltr'><strong>vetueritqu&#39;e</strong></span> 
     </span>
     <span class='ocr_line' id='line_1_4' title="bbox 342 397 1735 462; baseline 0 -17"><span class='ocrx_word' id='word_1_18' title='bbox 342 411 433 445; x_wconf 85' lang='lat' dir='ltr'><strong>nos</strong></span> <span class='ocrx_word' id='word_1_19' title='bbox 486 410 573 445; x_wconf 83' lang='lat' dir='ltr'><strong>aut</strong></span> <span class='ocrx_word' id='word_1_20' title='bbox 624 410 919 460; x_wconf 84' lang='lat' dir='ltr'>quemquam</span> <span class='ocrx_word' id='word_1_21' title='bbox 969 397 1116 446; x_wconf 91' lang='lat' dir='ltr'><strong>alium</strong></span> <span class='ocrx_word' id='word_1_22' title='bbox 1153 412 1328 461; x_wconf 81' lang='lat' dir='ltr'><strong>praeter</strong></span> <span class='ocrx_word' id='word_1_23' title='bbox 1379 413 1429 447; x_wconf 88' lang='lat' dir='ltr'><strong>se</strong></span> <span class='ocrx_word' id='word_1_24' title='bbox 1481 398 1638 462; x_wconf 81' lang='lat' dir='ltr'><strong>ipsum</strong></span> <span class='ocrx_word' id='word_1_25' title='bbox 1672 397 1735 446; x_wconf 85' lang='lat' dir='ltr'><strong>de</strong></span> 
     </span>
     <span class='ocr_line' id='line_1_5' title="bbox 340 461 1735 525; baseline 0.001 -15"><span class='ocrx_word' id='word_1_26' title='bbox 340 476 582 525; x_wconf 83' lang='lat' dir='ltr'><strong>apparatu</strong></span> <span class='ocrx_word' id='word_1_27' title='bbox 636 476 695 509; x_wconf 88' lang='lat' dir='ltr'><strong>ac</strong></span> <span class='ocrx_word' id='word_1_28' title='bbox 745 461 1071 513; x_wconf 86' lang='lat' dir='ltr'><strong>instrumento</strong></span> <span class='ocrx_word' id='word_1_29' title='bbox 1107 464 1246 513; x_wconf 86' lang='lat' dir='ltr'><strong>nobis</strong></span> <span class='ocrx_word' id='word_1_30' title='bbox 1293 464 1354 513; x_wconf 81' lang='lat' dir='ltr'><strong>ad</strong></span> <span class='ocrx_word' id='word_1_31' title='bbox 1404 466 1547 516; x_wconf 88' lang='lat' dir='ltr'><strong>istam</strong></span> <span class='ocrx_word' id='word_1_32' title='bbox 1582 476 1735 516; x_wconf 88' lang='lat' dir='ltr'><strong>trans-</strong></span> 
     </span>
     <span class='ocr_line' id='line_1_6' title="bbox 339 527 1734 597; baseline 0.001 -21"><span class='ocrx_word' id='word_1_33' title='bbox 339 528 621 577; x_wconf 73' lang='lat' dir='ltr'><strong>missionem</strong></span> <span class='ocrx_word' id='word_1_34' title='bbox 676 527 956 576; x_wconf 87' lang='lat' dir='ltr'><strong>necessario</strong></span> <span class='ocrx_word' id='word_1_35' title='bbox 995 529 1306 592; x_wconf 82' lang='lat' dir='ltr'><strong>providendo</strong></span> <span class='ocrx_word' id='word_1_36' title='bbox 1327 532 1578 597; x_wconf 81' lang='lat' dir='ltr'><strong>cogitare3</strong></span> <span class='ocrx_word' id='word_1_37' title='bbox 1612 545 1734 578; x_wconf 89' lang='lat' dir='ltr'><strong>con-</strong></span> 
     </span>
     <span class='ocr_line' id='line_1_7' title="bbox 342 589 1737 662; baseline 0.002 -21"><span class='ocrx_word' id='word_1_38' title='bbox 342 594 506 642; x_wconf 85' lang='lat' dir='ltr'><strong>stituit</strong></span> <span class='ocrx_word' id='word_1_39' title='bbox 542 593 692 641; x_wconf 71' lang='lat' dir='ltr'><strong>etiam</strong></span> <span class='ocrx_word' id='word_1_40' title='bbox 730 589 826 652; x_wconf 86' lang='lat' dir='ltr'><strong>jam</strong></span> <span class='ocrx_word' id='word_1_41' title='bbox 865 608 1034 654; x_wconf 53' lang='lat' dir='ltr'><strong>nune,</strong></span> <span class='ocrx_word' id='word_1_42' title='bbox 1059 593 1239 644; x_wconf 87' lang='lat' dir='ltr'><strong>habere</strong></span> <span class='ocrx_word' id='word_1_43' title='bbox 1276 611 1361 644; x_wconf 91' lang='lat' dir='ltr'><strong>nos</strong></span> <span class='ocrx_word' id='word_1_44' title='bbox 1418 596 1737 662; x_wconf 74' lang='lat' dir='ltr'><strong>quotidianos</strong></span> 
     </span>
     <span class='ocr_line' id='line_1_8' title="bbox 340 659 1736 728; baseline 0.003 -22"><span class='ocrx_word' id='word_1_45' title='bbox 340 659 581 709; x_wconf 83' lang='lat' dir='ltr'><strong>convivas</strong></span> <span class='ocrx_word' id='word_1_46' title='bbox 617 659 679 706; x_wconf 88' lang='lat' dir='ltr'><strong>ad</strong></span> <span class='ocrx_word' id='word_1_47' title='bbox 730 660 1006 727; x_wconf 83' lang='lat' dir='ltr'><strong>praetoriam</strong></span> <span class='ocrx_word' id='word_1_48' title='bbox 1057 675 1303 708; x_wconf 83' lang='lat' dir='ltr'><strong>mensam.</strong></span> <span class='ocrx_word' id='word_1_49' title='bbox 1340 664 1464 728; x_wconf 83' lang='lat' dir='ltr'><strong>Qae</strong></span> <span class='ocrx_word' id='word_1_50' title='bbox 1517 677 1736 712; x_wconf 84' lang='lat' dir='ltr'><strong>comme-</strong></span> 
     </span>
     <span class='ocr_line' id='line_1_9' title="bbox 340 725 1739 790; baseline 0 -14"><span class='ocrx_word' id='word_1_51' title='bbox 340 740 512 785; x_wconf 72' lang='lat' dir='ltr'><strong>mom,</strong></span> <span class='ocrx_word' id='word_1_52' title='bbox 551 741 652 773; x_wconf 90' lang='lat' dir='ltr'><strong>non</strong></span> <span class='ocrx_word' id='word_1_53' title='bbox 688 725 817 772; x_wconf 83' lang='lat' dir='ltr'><strong>istud</strong></span> <span class='ocrx_word' id='word_1_54' title='bbox 854 726 1088 790; x_wconf 88' lang='lat' dir='ltr'><strong>quidquid</strong></span> <span class='ocrx_word' id='word_1_55' title='bbox 1127 740 1202 776; x_wconf 88' lang='lat' dir='ltr'><strong>est</strong></span> <span class='ocrx_word' id='word_1_56' title='bbox 1238 728 1437 776; x_wconf 84' lang='lat' dir='ltr'><strong>honoris</strong></span> <span class='ocrx_word' id='word_1_57' title='bbox 1475 741 1562 778; x_wconf 89' lang='lat' dir='ltr'><strong>aut</strong></span> <span class='ocrx_word' id='word_1_58' title='bbox 1598 744 1739 778; x_wconf 88' lang='lat' dir='ltr'><strong>com-</strong></span> 
     </span>
     <span class='ocr_line' id='line_1_10' title="bbox 341 791 1738 857; baseline 0.003 -17"><span class='ocrx_word' id='word_1_59' title='bbox 341 792 480 842; x_wconf 86' lang='lat' dir='ltr'><strong>modi</strong></span> <span class='ocrx_word' id='word_1_60' title='bbox 518 794 821 857; x_wconf 70' lang='lat' dir='ltr'><strong>magnopere</strong></span> <span class='ocrx_word' id='word_1_61' title='bbox 879 805 1168 854; x_wconf 72' lang='lat' dir='ltr'><strong>ostentans,</strong></span> <span class='ocrx_word' id='word_1_62' title='bbox 1230 793 1365 856; x_wconf 80' lang='lat' dir='ltr'><strong>quasi</strong></span> <span class='ocrx_word' id='word_1_63' title='bbox 1420 791 1603 843; x_wconf 85' lang='lat' dir='ltr'><strong>fructus</strong></span> <span class='ocrx_word' id='word_1_64' title='bbox 1658 793 1738 844; x_wconf 71' lang='lat' dir='ltr'><strong>hic</strong></span> 
     </span>
     <span class='ocr_line' id='line_1_11' title="bbox 342 855 1740 923; baseline 0 -17"><span class='ocrx_word' id='word_1_65' title='bbox 342 872 432 906; x_wconf 86' lang='lat' dir='ltr'><strong>nos</strong></span> <span class='ocrx_word' id='word_1_66' title='bbox 470 860 691 921; x_wconf 80' lang='lat' dir='ltr'><strong>proprius</strong></span> <span class='ocrx_word' id='word_1_67' title='bbox 729 855 980 918; x_wconf 84' lang='lat' dir='ltr'><strong>delectet,</strong></span> <span class='ocrx_word' id='word_1_68' title='bbox 1017 875 1115 923; x_wconf 91' lang='lat' dir='ltr'><strong>quo</strong></span> <span class='ocrx_word' id='word_1_69' title='bbox 1154 859 1312 909; x_wconf 82' lang='lat' dir='ltr'><strong>multo</strong></span> <span class='ocrx_word' id='word_1_70' title='bbox 1333 857 1562 913; x_wconf 81' lang='lat' dir='ltr'><strong>libentius</strong></span> <span class='ocrx_word' id='word_1_71' title='bbox 1601 876 1740 911; x_wconf 74' lang='lat' dir='ltr'><strong>care-</strong></span> 
     </span>
     <span class='ocr_line' id='line_1_12' title="bbox 342 924 1741 992; baseline 0.002 -19"><span class='ocrx_word' id='word_1_72' title='bbox 342 939 534 976; x_wconf 79' lang='lat' dir='ltr'><strong>remus:</strong></span> <span class='ocrx_word' id='word_1_73' title='bbox 575 924 670 974; x_wconf 85' lang='lat' dir='ltr'><strong>Sed</strong></span> <span class='ocrx_word' id='word_1_74' title='bbox 707 936 760 976; x_wconf 86' lang='lat' dir='ltr'><strong>ut</strong></span> <span class='ocrx_word' id='word_1_75' title='bbox 796 940 884 974; x_wconf 88' lang='lat' dir='ltr'><strong>vos</strong></span> <span class='ocrx_word' id='word_1_76' title='bbox 921 926 1260 992; x_wconf 80' lang='lat' dir='ltr'><strong>intelligentes</strong></span> <span class='ocrx_word' id='word_1_77' title='bbox 1299 941 1540 990; x_wconf 73' lang='lat' dir='ltr'><strong>quantum</strong></span> <span class='ocrx_word' id='word_1_78' title='bbox 1561 942 1622 975; x_wconf 86' lang='lat' dir='ltr'><strong>ex</strong></span> <span class='ocrx_word' id='word_1_79' title='bbox 1644 927 1741 976; x_wconf 88' lang='lat' dir='ltr'><strong>hoc</strong></span> 
     </span>
     <span class='ocr_line' id='line_1_13' title="bbox 341 990 1741 1059; baseline 0.002 -20"><span class='ocrx_word' id='word_1_80' title='bbox 341 1002 449 1040; x_wconf 82' lang='lat' dir='ltr'><strong>tam</strong></span> <span class='ocrx_word' id='word_1_81' title='bbox 485 990 680 1052; x_wconf 82' lang='lat' dir='ltr'><strong>prolixo</strong></span> <span class='ocrx_word' id='word_1_82' title='bbox 715 991 887 1038; x_wconf 78' lang='lat' dir='ltr'><strong>summi</strong></span> <span class='ocrx_word' id='word_1_83' title='bbox 925 1006 1010 1055; x_wconf 86' lang='lat' dir='ltr'><strong>per</strong></span> <span class='ocrx_word' id='word_1_84' title='bbox 1048 992 1239 1042; x_wconf 83' lang='lat' dir='ltr'><strong>Indiam</strong></span> <span class='ocrx_word' id='word_1_85' title='bbox 1271 991 1595 1059; x_wconf 79' lang='lat' dir='ltr'><strong>Magistratus</strong></span> <span class='ocrx_word' id='word_1_86' title='bbox 1620 990 1741 1047; x_wconf 82' lang='lat' dir='ltr'><strong>affe-</strong></span> 
     </span>
     <span class='ocr_line' id='line_1_14' title="bbox 342 1056 1739 1122; baseline 0.005 -18"><span class='ocrx_word' id='word_1_87' title='bbox 342 1069 430 1106; x_wconf 89' lang='lat' dir='ltr'><strong>ctu</strong></span> <span class='ocrx_word' id='word_1_88' title='bbox 467 1056 515 1104; x_wconf 87' lang='lat' dir='ltr'><strong>in</strong></span> <span class='ocrx_word' id='word_1_89' title='bbox 553 1072 669 1122; x_wconf 80' lang='lat' dir='ltr'><strong>noS,</strong></span> <span class='ocrx_word' id='word_1_90' title='bbox 705 1057 899 1105; x_wconf 85' lang='lat' dir='ltr'><strong>subsidii</strong></span> <span class='ocrx_word' id='word_1_91' title='bbox 935 1059 1113 1108; x_wconf 82' lang='lat' dir='ltr'><strong>merito</strong></span> <span class='ocrx_word' id='word_1_92' title='bbox 1148 1074 1392 1121; x_wconf 83' lang='lat' dir='ltr'><strong>speremus</strong></span> <span class='ocrx_word' id='word_1_93' title='bbox 1431 1059 1493 1107; x_wconf 87' lang='lat' dir='ltr'><strong>ad</strong></span> <span class='ocrx_word' id='word_1_94' title='bbox 1529 1075 1739 1111; x_wconf 82' lang='lat' dir='ltr'><strong>conver-</strong></span> 
     </span>
     <span class='ocr_line' id='line_1_15' title="bbox 342 1123 1740 1192; baseline 0.001 -20"><span class='ocrx_word' id='word_1_95' title='bbox 342 1123 731 1188; x_wconf 82' lang='lat' dir='ltr'><strong>sionem‚quam</strong></span> <span class='ocrx_word' id='word_1_96' title='bbox 754 1136 867 1173; x_wconf 91' lang='lat' dir='ltr'><strong>toto</strong></span> <span class='ocrx_word' id='word_1_97' title='bbox 905 1125 1070 1176; x_wconf 74' lang='lat' dir='ltr'><strong>animo</strong></span> <span class='ocrx_word' id='word_1_98' title='bbox 1107 1126 1581 1188; x_wconf 80' lang='lat' dir='ltr'><strong>cupimus,istarum</strong></span> <span class='ocrx_word' id='word_1_99' title='bbox 1620 1140 1740 1192; x_wconf 86' lang='lat' dir='ltr'><strong>gen-</strong></span> 
     </span>
     <span class='ocr_line' id='line_1_16' title="bbox 342 1189 1740 1259; baseline 0.004 -24"><span class='ocrx_word' id='word_1_100' title='bbox 342 1189 497 1249; x_wconf 81' lang='lat' dir='ltr'><strong>tium,</strong></span> <span class='ocrx_word' id='word_1_101' title='bbox 536 1190 593 1241; x_wconf 68' lang='grc' dir='ltr'><strong>δε</strong></span> <span class='ocrx_word' id='word_1_102' title='bbox 628 1190 717 1252; x_wconf 90' lang='lat' dir='ltr'><strong>ipsi</strong></span> <span class='ocrx_word' id='word_1_103' title='bbox 752 1205 841 1251; x_wconf 87' lang='lat' dir='ltr'><strong>pro</strong></span> <span class='ocrx_word' id='word_1_104' title='bbox 878 1204 1044 1243; x_wconf 85' lang='lat' dir='ltr'><strong>vestro</strong></span> <span class='ocrx_word' id='word_1_105' title='bbox 1083 1193 1182 1240; x_wconf 88' lang='lat' dir='ltr'><strong>Dei</strong></span> <span class='ocrx_word' id='word_1_106' title='bbox 1218 1192 1416 1242; x_wconf 88' lang='lat' dir='ltr'><strong>honoris</strong></span> <span class='ocrx_word' id='word_1_107' title='bbox 1452 1191 1565 1244; x_wconf 86' lang='lat' dir='ltr'><strong>zelo</strong></span> <span class='ocrx_word' id='word_1_108' title='bbox 1617 1207 1740 1259; x_wconf 83' lang='lat' dir='ltr'><strong>gau-</strong></span> 
     </span>
     <span class='ocr_line' id='line_1_17' title="bbox 342 1254 1736 1325; baseline 0.001 -22"><span class='ocrx_word' id='word_1_109' title='bbox 342 1254 524 1315; x_wconf 78' lang='lat' dir='ltr'><strong>deatiS,</strong></span> <span class='ocrx_word' id='word_1_110' title='bbox 563 1256 620 1308; x_wconf 62' lang='grc' dir='ltr'><strong>ὅ(</strong></span> <span class='ocrx_word' id='word_1_111' title='bbox 656 1254 794 1304; x_wconf 86' lang='lat' dir='ltr'><strong>nobis</strong></span> <span class='ocrx_word' id='word_1_112' title='bbox 842 1256 1156 1322; x_wconf 81' lang='lat' dir='ltr'><strong>gratulemini</strong></span> <span class='ocrx_word' id='word_1_113' title='bbox 1208 1257 1471 1325; x_wconf 78' lang='lat' dir='ltr'><strong>benignam</strong></span> <span class='ocrx_word' id='word_1_114' title='bbox 1523 1255 1736 1306; x_wconf 79' lang='lat' dir='ltr'><strong>faculta-</strong></span> 
     </span>
     <span class='ocr_line' id='line_1_18' title="bbox 343 1322 1740 1391; baseline 0.001 -22"><span class='ocrx_word' id='word_1_115' title='bbox 343 1333 447 1369; x_wconf 87' lang='lat' dir='ltr'><strong>tem</strong></span> <span class='ocrx_word' id='word_1_116' title='bbox 483 1323 714 1383; x_wconf 82' lang='lat' dir='ltr'><strong>portandi</strong></span> <span class='ocrx_word' id='word_1_117' title='bbox 752 1338 933 1372; x_wconf 89' lang='lat' dir='ltr'><strong>nomen</strong></span> <span class='ocrx_word' id='word_1_118' title='bbox 950 1323 1110 1387; x_wconf 87' lang='lat' dir='ltr'>JESU</span> <span class='ocrx_word' id='word_1_119' title='bbox 1134 1323 1314 1372; x_wconf 81' lang='lat' dir='ltr'><strong>Christi</strong></span> <span class='ocrx_word' id='word_1_120' title='bbox 1337 1330 1502 1373; x_wconf 83' lang='lat' dir='ltr'><strong>coram</strong></span> <span class='ocrx_word' id='word_1_121' title='bbox 1524 1322 1740 1391; x_wconf 77' lang='lat' dir='ltr'><strong>Regibus</strong></span> 
     </span>
     <span class='ocr_line' id='line_1_19' title="bbox 340 1386 1740 1454; baseline 0.004 -19"><span class='ocrx_word' id='word_1_122' title='bbox 340 1386 623 1441; x_wconf 82' lang='lat' dir='ltr'><strong>Gentilibus</strong></span> <span class='ocrx_word' id='word_1_123' title='bbox 661 1400 904 1444; x_wconf 75' lang='lat' dir='ltr'><strong>tractuum</strong></span> <span class='ocrx_word' id='word_1_124' title='bbox 942 1388 1164 1451; x_wconf 86' lang='lat' dir='ltr'><strong>illorum;</strong></span> <span class='ocrx_word' id='word_1_125' title='bbox 1198 1390 1325 1454; x_wconf 82' lang='lat' dir='ltr'><strong>apud</strong></span> <span class='ocrx_word' id='word_1_126' title='bbox 1355 1406 1476 1454; x_wconf 90' lang='lat' dir='ltr'><strong>quos</strong></span> <span class='ocrx_word' id='word_1_127' title='bbox 1511 1391 1626 1439; x_wconf 86' lang='lat' dir='ltr'><strong>satis</strong></span> <span class='ocrx_word' id='word_1_128' title='bbox 1662 1400 1740 1454; x_wconf 82' lang='lat' dir='ltr'><strong>est</strong></span> 
     </span>
     <span class='ocr_line' id='line_1_20' title="bbox 342 1455 1738 1521; baseline 0.004 -19"><span class='ocrx_word' id='word_1_129' title='bbox 342 1467 652 1520; x_wconf 85' lang='lat' dir='ltr'><strong>compertum</strong></span> <span class='ocrx_word' id='word_1_130' title='bbox 699 1456 994 1521; x_wconf 81' lang='lat' dir='ltr'><strong>praecipuam</strong></span> <span class='ocrx_word' id='word_1_131' title='bbox 1046 1472 1150 1506; x_wconf 88' lang='lat' dir='ltr'><strong>esse</strong></span> <span class='ocrx_word' id='word_1_132' title='bbox 1198 1457 1525 1506; x_wconf 83' lang='lat' dir='ltr'><strong>autoritatem</strong></span> <span class='ocrx_word' id='word_1_133' title='bbox 1561 1455 1620 1515; x_wconf 82' lang='lat'>&amp;</span> <span class='ocrx_word' id='word_1_134' title='bbox 1653 1471 1738 1511; x_wconf 75' lang='lat' dir='ltr'><strong>ve-</strong></span> 
     </span>
     <span class='ocr_line' id='line_1_21' title="bbox 342 1522 1250 1590; baseline 0 -20"><span class='ocrx_word' id='word_1_135' title='bbox 342 1522 658 1575; x_wconf 82' lang='lat' dir='ltr'><strong>nerationem</strong></span> <span class='ocrx_word' id='word_1_136' title='bbox 697 1523 964 1580; x_wconf 75' lang='lat' dir='ltr'><strong>Lusitaniei</strong></span> <span class='ocrx_word' id='word_1_137' title='bbox 999 1523 1218 1590; x_wconf 85' lang='lat' dir='ltr'><strong>Proregis</strong></span> <span class='ocrx_word' id='word_1_138' title='bbox 1239 1560 1250 1578; x_wconf 77' lang='grc'><em>,</em></span> 
     </span>
    </p>

    <p class='ocr_par' dir='ltr' id='par_1_3' title="bbox 335 1586 1736 2325">
     <span class='ocr_line' id='line_1_22' title="bbox 405 1586 1736 1652; baseline 0.001 -16"><span class='ocrx_word' id='word_1_139' title='bbox 405 1605 453 1652; x_wconf 81' lang='lat'><strong>4.</strong></span> <span class='ocrx_word' id='word_1_140' title='bbox 473 1588 538 1636; x_wconf 91' lang='lat' dir='ltr'><strong>Et</strong></span> <span class='ocrx_word' id='word_1_141' title='bbox 565 1586 707 1641; x_wconf 85' lang='lat' dir='ltr'><strong>alunt</strong></span> <span class='ocrx_word' id='word_1_142' title='bbox 742 1590 867 1638; x_wconf 84' lang='lat' dir='ltr'><strong>hane</strong></span> <span class='ocrx_word' id='word_1_143' title='bbox 889 1590 1118 1637; x_wconf 81' lang='lat' dir='ltr'><strong>fiduciam</strong></span> <span class='ocrx_word' id='word_1_144' title='bbox 1137 1592 1303 1638; x_wconf 84' lang='lat' dir='ltr'><strong>sensus</strong></span> <span class='ocrx_word' id='word_1_145' title='bbox 1323 1622 1336 1648; x_wconf 84' lang='lat'>‚</span> <span class='ocrx_word' id='word_1_146' title='bbox 1366 1603 1556 1649; x_wconf 86' lang='lat' dir='ltr'><strong>mores,</strong></span> <span class='ocrx_word' id='word_1_147' title='bbox 1591 1587 1736 1638; x_wconf 82' lang='lat' dir='ltr'><strong>dotes</strong></span> 
     </span>
     <span class='ocr_line' id='line_1_23' title="bbox 343 1653 1732 1722; baseline 0.001 -19"><span class='ocrx_word' id='word_1_148' title='bbox 343 1669 404 1703; x_wconf 84' lang='lat' dir='ltr'><strong>ac</strong></span> <span class='ocrx_word' id='word_1_149' title='bbox 440 1654 602 1706; x_wconf 87' lang='lat' dir='ltr'><strong>studia</strong></span> <span class='ocrx_word' id='word_1_150' title='bbox 637 1654 870 1721; x_wconf 81' lang='lat' dir='ltr'><strong>praeclara</strong></span> <span class='ocrx_word' id='word_1_151' title='bbox 905 1657 1124 1722; x_wconf 85' lang='lat' dir='ltr'><strong>Proregis</strong></span> <span class='ocrx_word' id='word_1_152' title='bbox 1164 1653 1408 1716; x_wconf 79' lang='lat' dir='ltr'><strong>ejusdem,</strong></span> <span class='ocrx_word' id='word_1_153' title='bbox 1432 1671 1534 1719; x_wconf 87' lang='lat' dir='ltr'><strong>quae</strong></span> <span class='ocrx_word' id='word_1_154' title='bbox 1555 1654 1732 1718; x_wconf 85' lang='lat' dir='ltr'><strong>partim</strong></span> 
     </span>
     <span class='ocr_line' id='line_1_24' title="bbox 340 1719 1733 1787; baseline -0.001 -16"><span class='ocrx_word' id='word_1_155' title='bbox 340 1721 608 1776; x_wconf 83' lang='lat' dir='ltr'><strong>observare</strong></span> <span class='ocrx_word' id='word_1_156' title='bbox 657 1737 742 1786; x_wconf 87' lang='lat' dir='ltr'><strong>per</strong></span> <span class='ocrx_word' id='word_1_157' title='bbox 790 1737 877 1770; x_wconf 89' lang='lat' dir='ltr'><strong>nos</strong></span> <span class='ocrx_word' id='word_1_158' title='bbox 930 1721 1066 1783; x_wconf 75' lang='lat' dir='ltr'><strong>ipsi‚&#39;</strong></span> <span class='ocrx_word' id='word_1_159' title='bbox 1100 1722 1279 1787; x_wconf 88' lang='lat' dir='ltr'><strong>partim</strong></span> <span class='ocrx_word' id='word_1_160' title='bbox 1331 1738 1391 1774; x_wconf 82' lang='lat' dir='ltr'><strong>ex</strong></span> <span class='ocrx_word' id='word_1_161' title='bbox 1447 1719 1552 1769; x_wconf 89' lang='lat' dir='ltr'><strong>aliis</strong></span> <span class='ocrx_word' id='word_1_162' title='bbox 1590 1735 1733 1771; x_wconf 88' lang='lat' dir='ltr'><strong>nosse</strong></span> 
     </span>
     <span class='ocr_line' id='line_1_25' title="bbox 340 1787 1732 1858; baseline 0.001 -24"><span class='ocrx_word' id='word_1_163' title='bbox 340 1787 589 1853; x_wconf 86' lang='lat' dir='ltr'><strong>potuimus</strong></span> <span class='ocrx_word' id='word_1_164' title='bbox 625 1788 899 1838; x_wconf 85' lang='lat' dir='ltr'><strong>hactenus.</strong></span> <span class='ocrx_word' id='word_1_165' title='bbox 934 1787 1097 1841; x_wconf 85' lang='lat' dir='ltr'><strong>Pollet</strong></span> <span class='ocrx_word' id='word_1_166' title='bbox 1150 1789 1279 1843; x_wconf 86' lang='lat' dir='ltr'><strong>enim</strong></span> <span class='ocrx_word' id='word_1_167' title='bbox 1331 1789 1537 1858; x_wconf 78' lang='lat' dir='ltr'><strong>primum</strong></span> <span class='ocrx_word' id='word_1_168' title='bbox 1584 1801 1732 1850; x_wconf 87' lang='lat' dir='ltr'><strong>expe-</strong></span> 
     </span>
     <span class='ocr_line' id='line_1_26' title="bbox 338 1851 1731 1920; baseline -0.001 -16"><span class='ocrx_word' id='word_1_169' title='bbox 338 1853 518 1904; x_wconf 64' lang='lat' dir='ltr'><strong>rientia</strong></span> <span class='ocrx_word' id='word_1_170' title='bbox 554 1856 610 1906; x_wconf 87' lang='lat'>&amp;</span> <span class='ocrx_word' id='word_1_171' title='bbox 647 1873 733 1905; x_wconf 89' lang='lat' dir='ltr'><strong>usu</strong></span> <span class='ocrx_word' id='word_1_172' title='bbox 771 1871 928 1906; x_wconf 89' lang='lat' dir='ltr'><strong>rerum</strong></span> <span class='ocrx_word' id='word_1_173' title='bbox 965 1855 1149 1916; x_wconf 73' lang='lat' dir='ltr'><strong>Indiae,</strong></span> <span class='ocrx_word' id='word_1_174' title='bbox 1197 1856 1281 1903; x_wconf 90' lang='lat' dir='ltr'><strong>ubi</strong></span> <span class='ocrx_word' id='word_1_175' title='bbox 1333 1855 1503 1920; x_wconf 85' lang='lat' dir='ltr'><strong>exegit</strong></span> <span class='ocrx_word' id='word_1_176' title='bbox 1551 1851 1731 1902; x_wconf 83' lang='lat' dir='ltr'><strong>multos</strong></span> 
     </span>
     <span class='ocr_line' id='line_1_27' title="bbox 342 1918 1729 1988; baseline 0 -19"><span class='ocrx_word' id='word_1_177' title='bbox 342 1935 501 1969; x_wconf 87' lang='lat' dir='ltr'><strong>annos</strong></span> <span class='ocrx_word' id='word_1_178' title='bbox 539 1918 671 1972; x_wconf 76' lang='lat' dir='ltr'><strong>fama</strong></span> <span class='ocrx_word' id='word_1_179' title='bbox 705 1922 1003 1988; x_wconf 84' lang='lat' dir='ltr'><strong>integritatis</strong></span> <span class='ocrx_word' id='word_1_180' title='bbox 1040 1921 1266 1986; x_wconf 74' lang='lat' dir='ltr'><strong>optima.</strong></span> <span class='ocrx_word' id='word_1_181' title='bbox 1309 1922 1441 1970; x_wconf 78' lang='lat' dir='ltr'><strong>Sane</strong></span> <span class='ocrx_word' id='word_1_182' title='bbox 1488 1932 1729 1969; x_wconf 82' lang='lat' dir='ltr'><strong>consensu</strong></span> 
     </span>
     <span class='ocr_line' id='line_1_28' title="bbox 343 1985 1730 2051; baseline -0.002 -13"><span class='ocrx_word' id='word_1_183' title='bbox 343 1985 515 2045; x_wconf 82' lang='lat' dir='ltr'><strong>Aulae,</strong></span> <span class='ocrx_word' id='word_1_184' title='bbox 571 1986 704 2046; x_wconf 81' lang='lat' dir='ltr'><strong>cuius</strong></span> <span class='ocrx_word' id='word_1_185' title='bbox 757 1989 888 2037; x_wconf 88' lang='lat' dir='ltr'><strong>scitis</strong></span> <span class='ocrx_word' id='word_1_186' title='bbox 941 1990 1084 2051; x_wconf 70' lang='lat' dir='ltr'><strong>quarn</strong></span> <span class='ocrx_word' id='word_1_187' title='bbox 1141 2004 1253 2039; x_wconf 87' lang='lat' dir='ltr'><strong>acre</strong></span> <span class='ocrx_word' id='word_1_188' title='bbox 1287 1988 1348 2039; x_wconf 87' lang='lat' dir='ltr'><strong>sit</strong></span> <span class='ocrx_word' id='word_1_189' title='bbox 1383 2003 1443 2040; x_wconf 85' lang='lat' dir='ltr'><strong>ac</strong></span> <span class='ocrx_word' id='word_1_190' title='bbox 1478 1985 1730 2051; x_wconf 83' lang='lat' dir='ltr'><strong>perspicax</strong></span> 
     </span>
     <span class='ocr_line' id='line_1_29' title="bbox 342 2051 1729 2117; baseline 0 -15"><span class='ocrx_word' id='word_1_191' title='bbox 342 2052 402 2102; x_wconf 84' lang='lat' dir='ltr'><strong>de</strong></span> <span class='ocrx_word' id='word_1_192' title='bbox 437 2052 550 2103; x_wconf 84' lang='lat' dir='ltr'><strong>vitis</strong></span> <span class='ocrx_word' id='word_1_193' title='bbox 588 2055 839 2110; x_wconf 89' lang='lat' dir='ltr'><strong>hominum</strong></span> <span class='ocrx_word' id='word_1_194' title='bbox 891 2051 1150 2117; x_wconf 81' lang='lat' dir='ltr'><strong>iudicium,</strong></span> <span class='ocrx_word' id='word_1_195' title='bbox 1207 2056 1278 2105; x_wconf 86' lang='lat' dir='ltr'><strong>vir</strong></span> <span class='ocrx_word' id='word_1_196' title='bbox 1330 2052 1633 2104; x_wconf 86' lang='lat' dir='ltr'><strong>existimatur</strong></span> <span class='ocrx_word' id='word_1_197' title='bbox 1680 2052 1729 2102; x_wconf 87' lang='lat' dir='ltr'><strong>in</strong></span> 
     </span>
     <span class='ocr_line' id='line_1_30' title="bbox 337 2119 1728 2186; baseline -0.001 -17"><span class='ocrx_word' id='word_1_198' title='bbox 337 2120 504 2185; x_wconf 86' lang='lat' dir='ltr'><strong>primis</strong></span> <span class='ocrx_word' id='word_1_199' title='bbox 540 2122 756 2183; x_wconf 89' lang='lat' dir='ltr'><strong>probus:</strong></span> <span class='ocrx_word' id='word_1_200' title='bbox 791 2124 1034 2186; x_wconf 83' lang='lat' dir='ltr'><strong>certisque</strong></span> <span class='ocrx_word' id='word_1_201' title='bbox 1071 2121 1322 2172; x_wconf 85' lang='lat' dir='ltr'><strong>autoribus</strong></span> <span class='ocrx_word' id='word_1_202' title='bbox 1343 2119 1579 2178; x_wconf 77' lang='lat' dir='ltr'><strong>creditur,</strong></span> <span class='ocrx_word' id='word_1_203' title='bbox 1617 2132 1728 2168; x_wconf 85' lang='lat' dir='ltr'><strong>eum</strong></span> 
     </span>
     <span class='ocr_line' id='line_1_31' title="bbox 335 2183 1731 2260; baseline -0.004 -20"><span class='ocrx_word' id='word_1_204' title='bbox 335 2187 390 2240; x_wconf 82' lang='lat' dir='ltr'><strong>in</strong></span> <span class='ocrx_word' id='word_1_205' title='bbox 445 2187 587 2238; x_wconf 62' lang='lat' dir='ltr'><strong>India</strong></span> <span class='ocrx_word' id='word_1_206' title='bbox 632 2192 661 2240; x_wconf 79' lang='lat' dir='ltr'><strong>a</strong></span> <span class='ocrx_word' id='word_1_207' title='bbox 710 2190 885 2240; x_wconf 88' lang='lat' dir='ltr'><strong>nostris</strong></span> <span class='ocrx_word' id='word_1_208' title='bbox 941 2188 1080 2250; x_wconf 76' lang='lat' dir='ltr'><strong>juxta</strong></span> <span class='ocrx_word' id='word_1_209' title='bbox 1135 2187 1475 2254; x_wconf 88' lang='lat' dir='ltr'><strong>Indigenisque</strong></span> <span class='ocrx_word' id='word_1_210' title='bbox 1524 2183 1731 2260; x_wconf 58' lang='lat' dir='ltr'><strong>multum</strong></span> 
     </span>
     <span class='ocr_line' id='line_1_32' title="bbox 338 2253 1729 2325; baseline 0.001 -23"><span class='ocrx_word' id='word_1_211' title='bbox 338 2253 636 2307; x_wconf 87' lang='lat' dir='ltr'><strong>desiderari.</strong></span> <span class='ocrx_word' id='word_1_212' title='bbox 692 2256 872 2325; x_wconf 85' lang='lat' dir='ltr'><strong>Agenti</strong></span> <span class='ocrx_word' id='word_1_213' title='bbox 926 2272 1090 2305; x_wconf 89' lang='lat' dir='ltr'><strong>secum</strong></span> <span class='ocrx_word' id='word_1_214' title='bbox 1145 2255 1260 2306; x_wconf 84' lang='lat' dir='ltr'><strong>mihi</strong></span> <span class='ocrx_word' id='word_1_215' title='bbox 1310 2254 1655 2313; x_wconf 56' lang='lat' dir='ltr'><strong>nudiustertius</strong></span> <span class='ocrx_word' id='word_1_216' title='bbox 1691 2265 1729 2303; x_wconf 69' lang='grc' dir='ltr'><strong>ιε</strong></span> 
     </span>
    </p>
   </div>
   <div class='ocr_carea' id='block_1_3' title="bbox 337 2314 1724 2438">
    <p class='ocr_par' dir='ltr' id='par_1_4' title="bbox 337 2314 1724 2438">
     <span class='ocr_line' id='line_1_33' title="bbox 337 2314 1724 2438; baseline 0.002 -68"><span class='ocrx_word' id='word_1_217' title='bbox 337 2314 574 2378; x_wconf 74' lang='lat' dir='ltr'><strong>familiari</strong></span> <span class='ocrx_word' id='word_1_218' title='bbox 607 2339 833 2383; x_wconf 71' lang='lat' dir='ltr'><strong>sermone</strong></span> <span class='ocrx_word' id='word_1_219' title='bbox 867 2320 1205 2383; x_wconf 78' lang='lat' dir='ltr'><strong>memorabat,</strong></span> <span class='ocrx_word' id='word_1_220' title='bbox 1251 2335 1358 2374; x_wconf 77' lang='lat' dir='ltr'><strong>esse</strong></span> <span class='ocrx_word' id='word_1_221' title='bbox 1394 2316 1724 2438; x_wconf 30' lang='lat' dir='ltr'><strong>quanldafnin</strong></span> 
     </span>
     <span class='ocr_line' id='line_1_34' title="bbox 1546 2400 1664 2437; baseline 0.008 -3"><span class='ocrx_word' id='word_1_222' title='bbox 1546 2400 1576 2435; x_wconf 91' lang='lat' dir='ltr'><strong>n</strong></span> <span class='ocrx_word' id='word_1_223' title='bbox 1614 2400 1664 2437; x_wconf 80' lang='lat' dir='ltr'><strong>ia</strong></span> 
     </span>
    </p>
   </div>
  </div>
 </body>
</html>
