1781 2889
378 250 475 301 114
608 234 659 283 S.
692 232 1063 286 FRANCISCI
1090 231 1397 295 XAVERII

311 331 493 383 stantis
531 331 593 380 ab
629 345 692 381 eo
728 330 810 380 ubi
845 344 899 382 tu
937 330 1068 398 degis
1091 368 1103 380 .
1142 331 1223 381 Sic
1271 330 1402 382 forte
1448 342 1571 382 tunc
1603 348 1695 382 vo-

310 397 437 458 luit,
494 397 557 448 sit
608 413 668 447 ne
725 411 1119 461 perseveraturus
1169 398 1216 446 in
1270 399 1366 448 isto
1403 398 1695 464 proposito,

311 463 522 515 nescio:
563 462 695 511 nosti
740 463 872 512 enim
927 467 1071 529 quam
1125 463 1186 512 sit
1222 465 1372 514 homo
1419 465 1695 526 instabilis,

314 533 375 584 &
411 531 474 578 ad
510 545 710 580 omnem
746 545 915 577 auram
954 528 1180 591 mobilis;
1217 543 1467 597 utcunque
1503 546 1604 591 est,
1654 532 1697 580 si

312 610 368 646 te
404 595 693 656 accesserit,
731 597 858 645 haud
893 594 1105 659 putarim
1142 612 1302 658 operae
1340 598 1552 661 pretium
1586 597 1698 648 lon*

311 663 388 730 gis
423 675 475 712 te
513 679 626 710 cum
664 678 726 711 eo
764 661 1026 726 colloquiis
1063 674 1254 724 tempus
1292 663 1576 714 absumere.

382 745 428 795 3.
466 728 644 792 Scripsi
683 727 923 778 Praefecto
960 741 1014 777 ut
1050 727 1139 776 tibi
1176 729 1511 780 subministret
1529 745 1696 794 neces-

312 798 470 845 saria.
536 795 739 861 Rogavi
794 795 945 844 etiam
1004 794 1292 844 Manuelem
1345 799 1372 845 a
1426 799 1584 846 Cruce
1637 809 1694 845 ut

314 863 407 913 tibi
445 863 708 928 pecuniam
746 862 1036 911 commodet
1073 863 1267 926 quoties
1300 862 1496 928 egebis,
1552 863 1696 927 idque

313 931 397 979 hic
433 946 483 979 se
521 928 843 979 libentissime
880 927 1160 988 facturum,
1200 929 1508 992 perofficiose
1561 944 1697 978 rece-

314 997 426 1061 pit.
463 998 596 1045 Cura
634 995 900 1062 diligenter
936 1009 1073 1044 tuam
1112 993 1693 1060 valetudinem,quando

313 1079 376 1112 ea
412 1063 791 1111 instrumentum
828 1061 919 1112 tibi
955 1076 1028 1111 est
1064 1062 1126 1109 ad
1164 1075 1267 1110 tam
1306 1062 1698 1128 insigniterDeo

316 1129 546 1179 Domino
602 1130 794 1177 Nostro
846 1128 1190 1178 serviendum.
1228 1131 1477 1178 Matthaeo
1516 1127 1696 1190 udices:
1752 1154 1755 1158 ›

314 1194 462 1245 Velle
500 1195 706 1245 omnino
743 1211 820 1243 me
857 1207 913 1244 ut
968 1194 1053 1243 tibi
1105 1195 1436 1259 obsequatur,
1487 1195 1544 1247 &
1592 1192 1700 1242 dili-

311 1275 491 1327 genter
542 1262 589 1309 in
639 1262 866 1310 omnibus
919 1261 1266 1324 obtemperet.
1324 1263 1562 1326 Adeoque
1627 1259 1697 1308 sic

313 1328 532 1380 habeat:
572 1328 641 1376 ita
679 1329 909 1383 demum,
949 1329 1079 1392 quod
1114 1344 1239 1378 saebe
1277 1328 1506 1391 promisi,
1564 1324 1695 1374 futu-

313 1411 421 1445 rum
476 1410 553 1442 me
604 1394 675 1442 illi
728 1396 837 1443 vice
885 1393 1039 1443 Patris
1076 1394 1131 1445 &
1172 1394 1380 1453 Matris,
1417 1395 1454 1441 si
1504 1408 1554 1440 se
1607 1391 1699 1441 tibi

309 1459 630 1527 probaverit3
669 1460 852 1526 alioqui
906 1460 996 1508 nisi
1050 1476 1160 1508 eum
1216 1459 1440 1522 perfecte
1487 1459 1699 1524 morige-

310 1544 419 1579 rum
459 1540 692 1590 expertus
730 1526 1028 1584 testaberis,
1068 1527 1196 1574 haud
1236 1543 1338 1574 esse
1376 1541 1576 1574 causam
1613 1541 1699 1588 pu-

313 1595 440 1643 tabo
478 1610 565 1643 cur
603 1609 715 1642 eum
754 1596 1052 1660 magnopere
1089 1608 1290 1650 curare,
1330 1593 1386 1643 &
1424 1591 1524 1652 ejus
1561 1606 1697 1654 pros-

314 1661 483 1724 picere
537 1659 842 1709 utilitatibus
916 1658 1047 1708 tanti
1115 1660 1323 1706 ducam.
1361 1659 1432 1707 Te
1486 1656 1698 1706 vicissim

310 1727 436 1776 volo
473 1727 790 1789 suppeditare
828 1725 914 1792 ipsi
952 1724 1224 1775 liberaliter
1246 1724 1416 1791 quibus
1452 1723 1513 1774 ad
1549 1722 1697 1773 vesti-

307 1805 415 1842 tum
452 1793 676 1859 indiget.

379 1879 428 1927 4.
466 1863 523 1910 In
562 1862 655 1911 ista
693 1860 741 1908 in
779 1859 877 1926 qua
913 1859 1118 1909 versaris
1172 1856 1556 1907 concursatione
1598 1855 1696 1904 Pa-

309 1943 487 1993 gorum
525 1927 594 1976 sic
632 1927 780 1976 velim
817 1940 869 1975 te
903 1943 1081 1993 geras:
1133 1940 1478 1990 quemcunque
1525 1924 1572 1971 in
1623 1920 1697 1993 lo-

309 2010 422 2041 cum
462 1994 757 2053 adveneris,
796 1992 897 2051 ejus
936 1993 1035 2042 loci
1073 1991 1202 2042 viros
1240 2004 1449 2041 cunctos
1485 1990 1582 2039 una
1617 1987 1697 2060 die

305 2069 449 2110 coi're
485 2077 635 2110 unum
674 2061 720 2108 in
757 2072 1066 2109 conventum
1105 2057 1251 2120 jube;
1306 2058 1407 2106 alio
1453 2055 1531 2104 die
1586 2070 1694 2104 uni-

305 2142 472 2175 versas
529 2125 669 2176 simul
729 2125 994 2175 foeminas:
1047 2138 1282 2190 utrosque
1331 2121 1533 2173 docebis
1587 2136 1691 2186 quae

308 2193 496 2243 damno
531 2209 619 2243 suo
659 2193 920 2260 ignorant,
961 2209 1052 2242 nec
1090 2192 1207 2240 satis
1245 2190 1449 2248 habeaS,
1505 2186 1591 2236 illo
1646 2186 1694 2235 in

304 2274 443 2309 coetu
483 2262 688 2310 reddere
739 2261 867 2324 ipsos
924 2259 1212 2308 memoriter
1267 2255 1538 2307 Orationes
1575 2269 1694 2318 quas

306 2343 368 2375 ex
408 2344 493 2376 usu
535 2326 766 2376 Ecclesia:
790 2326 1057 2376 Christiani
1081 2341 1249 2372 omnes
1283 2335 1448 2371 mente
1485 2333 1692 2370 tenent:

311 2393 395 2446 sed
431 2395 632 2446 easdem
669 2406 722 2444 ut
774 2393 823 2445 in
876 2393 971 2442 suis
1008 2391 1190 2462 quique
1244 2388 1500 2448 domibus,
1550 2387 1694 2439 mane

1501 2471 1623 2520 prae-
