1781 2889
365 206 403 259 4
532 217 538 224 ·
601 188 658 240 S.·
686 185 1057 239 FRANCISCI
1093 186 1395 240 XAVERII·
1436 217 1440 220 ⁴

305 285 425 353 quin
463 285 566 335 haec
601 284 824 350 improba
859 285 1050 337 delatio
1086 302 1174 337 cor
1208 283 1294 336 tibi
1330 284 1527 352 penitus
1571 301 1693 338 con-

309 351 650 411 vulneraverit
665 388 677 403 .
1658 398 1668 408 ,

373 433 416 486 5.
450 420 634 469 Verum
670 416 907 483 quoniam
929 417 1077 469 iidem
1113 419 1340 471 scelerati
1360 421 1692 483 Sycophanta·

300 483 557 538 hominem
594 483 811 533 omnium
863 485 1316 537 innocentissimum
1354 502 1411 534 ac
1447 483 1692 537 sanctissi-

304 555 437 601 inum
475 553 543 600 D.
581 549 874 616 Magistrum
911 551 1162 617 Ignatium
1218 553 1264 603 in
1314 560 1538 604 eamdem
1586 567 1688 600 me-

305 633 417 667 cum
453 615 852 666 criminationem
905 615 1163 666 involvere
1210 635 1309 669 non
1363 634 1474 669 sunt
1520 616 1689 678 veriti,

303 684 402 733 hoc
437 681 644 745 primurn
679 696 1023 750 argumentum
1057 681 1148 732 tibi
1181 683 1243 733 sit
1278 685 1392 735 vitae
1440 685 1582 750 ipsius
1620 684 1691 732 in·
1753 720 1755 722 -

302 747 517 812 oulpatae
553 764 845 814 morumque
882 749 1366 815 optimorum,quod
1401 752 1533 801 ultro
1567 764 1618 800 te
1655 749 1694 796 is

303 814 520 870 sustinet
548 815 682 864 domi
718 828 813 867 tuae
849 815 1154 876 convenire,
1194 819 1251 870 &
1289 819 1413 866 hanc
1446 820 1475 866 a
1512 833 1590 866 me
1628 814 1693 864 ad

301 879 356 931 id
391 873 653 946 acceptam
688 881 950 946 epistolam
988 881 1078 932 tibi
1114 880 1345 946 privatim
1395 882 1532 932 adito
1584 882 1692 932 red-

304 947 455 998 dere:
494 964 656 1015 neque
691 948 822 998 enim
859 948 894 997 si
931 948 1043 998 talis
1080 962 1206 1000 esset
1244 949 1439 1016 qualem
1477 950 1691 997 mendax

300 1013 558 1063 calumnia:
593 1014 852 1083 penicillus
889 1013 1223 1076 deformavit,
1262 1033 1320 1065 ac
1356 1015 1440 1063 nisi
1483 1017 1692 1075 contra,

298 1081 581 1133 rectissimae
617 1080 935 1132 conscientiae
972 1081 1150 1133 fiducia
1185 1081 1376 1149 ingenti
1422 1079 1692 1140 niteretur,

300 1146 472 1211 utique
507 1147 875 1207 committeret,
911 1160 966 1196 ut
1002 1147 1050 1197 in
1089 1164 1260 1197 eorum
1296 1166 1345 1198 se
1381 1146 1694 1201 inermem&

299 1212 459 1263 solum
495 1213 693 1277 plenam
728 1225 1034 1277 potestatem
1070 1214 1243 1274 daret,
1281 1215 1547 1278 quos&se
1582 1229 1692 1280 gra-

301 1278 494 1331 vissime
527 1277 699 1330 laesisse
719 1278 1050 1342 meminisset,
1088 1280 1144 1333 &
1181 1281 1277 1330 hoc
1297 1279 1409 1346 ipsis
1429 1296 1529 1330 non
1553 1279 1690 1348 igno-

299 1360 436 1397 raret
472 1362 575 1396 esse
610 1359 955 1413 perspectum.

368 1414 418 1463 6.
454 1414 700 1464 Caeterum
739 1425 793 1462 ut
830 1411 1194 1463 malevolorum
1234 1409 1695 1464 obtrectationibus

299 1475 529 1538 rejectis,
563 1477 753 1545 liquido
787 1478 1067 1546 intelligas,
1105 1480 1328 1531 Domine
1365 1480 1457 1537 mi,
1490 1493 1548 1526 ac
1567 1479 1690 1526 Ger-

301 1561 448 1594 mane
487 1544 654 1604 Major
690 1545 825 1595 omni
876 1544 1199 1596 observantia
1254 1545 1491 1603 colende,
1546 1546 1691 1609 quam

296 1608 476 1677 insigni
510 1611 608 1660 Dei
648 1610 854 1661 Domini
889 1611 1043 1663 nostri
1100 1610 1346 1665 beneficio
1400 1607 1515 1660 mihi
1568 1626 1690 1659 con-

294 1676 468 1743 tigerit
535 1676 751 1730 incidere
802 1677 852 1727 in
906 1677 1140 1729 notitiam
1191 1678 1247 1731 &
1302 1674 1691 1727 familiaritatem

300 1742 439 1800 huius
491 1740 636 1807 ipsius
689 1743 880 1808 Optimi
934 1744 1038 1795 Viri
1092 1746 1157 1794 D.
1195 1743 1423 1810 Magistri
1475 1741 1689 1810 Ignatii:

301 1825 365 1859 en
412 1825 508 1874 ego
544 1826 605 1862 ex
643 1811 793 1860 animi
829 1810 925 1860 mei
960 1809 1240 1870 sententia,
1291 1810 1359 1860 his
1410 1808 1546 1860 velut
1596 1807 1690 1860 rite

298 1874 571 1942 obsignatis
605 1877 817 1938 tabulis,
865 1876 1094 1951 religiosa
1139 1875 1412 1928 testimonii
1447 1876 1542 1928 fide
1576 1887 1689 1937 pro·

295 1942 484 2004 fiteor3
519 1942 669 2011 longe:
705 1942 896 2004 majora
931 1961 1032 2006 ejus
1068 1957 1241 1995 extare
1277 1943 1453 1997 merita
1488 1940 1538 1990 in
1574 1955 1683 2013 ¹3¹3)

298 2011 448 2074 quarn
483 2009 655 2072 quibus
690 2008 771 2060 vel
807 2010 922 2061 vitae
975 2009 1128 2066 totius
1175 2015 1298 2061 m'eae
1349 2006 1690 2063 addictisslmls

301 2074 548 2140 obsequiis
582 2076 628 2126 ei
664 2074 972 2139 satisfacere,
1003 2090 1090 2127 aut
1124 2077 1289 2142 aliqua
1324 2093 1383 2127 ex
1418 2085 1557 2139 parte
1591 2080 1687 2144 res:

297 2141 520 2206 pondere
574 2160 788 2209 queam.
842 2146 976 2194 Nam
1014 2142 1152 2198 &in
1199 2139 1570 2194 difficultatibus
1616 2154 1686 2188 rei

299 2205 588 2271 familiaris,
626 2209 674 2259 in
710 2226 829 2277 quas
880 2228 959 2261 me
1013 2227 1140 2274 saepe
1185 2225 1390 2278 graves,
1431 2218 1502 2281 ‘ut
1555 2203 1684 2278 dixti,

298 2285 445 2325 tanta
480 2277 581 2326 haec
616 2279 645 2326 ὲ
682 2277 823 2328 vobis
858 2277 1098 2329 distantia
1131 2274 1376 2348 conjecit,
1430 2271 1512 2323 ille
1566 2271 1687 2320 m1h1

297 2352 404 2392 tum
439 2342 667 2410 praesenti
701 2343 1154 2401 subministratione
1187 2357 1438 2410 pecuniae,
1471 2352 1574 2392 tum
1595 2354 1686 2421 cae7

1510 2418 1619 2458 tera
