1781 2889
433 141 531 191 IN
578 140 627 189 S.
683 142 1198 193 XAVERIUM.
1347 143 1435 191 cxi·

119 236 357 302 Massejus
392 238 423 286 l.
459 253 487 288 2
524 256 561 287 c.
600 254 660 302 14
695 241 958 286 Xaverium
991 237 1144 300 prodit
1177 234 1259 282 suh
1279 246 1499 282 octavum

119 306 239 353 diem
295 306 420 367 Sept.
472 306 572 352 Got'z
623 309 670 350 in
723 321 847 352 oram
898 306 1156 351 Pis-cariam
1203 299 1493 364 profectum,-

119 384 217 418 tum
252 370 400 418 eodem
434 387 703 430 reversum,
739 374 821 420 suh
842 371 990 430 finem
1029 365 1264 416 Octobris
1289 365 1386 412 Goc'z
1408 369 1493 411 Co-

120 440 270 484 cinum
318 437 516 483 abiisse.
568 441 682 485 Cum
721 456 834 486 vero
870 436 1090 485 Punicale
1125 438 1186 482 sit
1220 436 1267 478 in
1304 445 1382 477 ora
1422 433 1495 476 Pi-

117 505 306 560 scaria,
354 501 533 550 viderit
585 506 751 563 lector,
787 520 848 552 an
883 499 1161 561 Mitssejana
1207 497 1496 562 chronologia

117 568 414 615 Xaverianae
448 571 749 633 respondeat,
798 586 849 618 ut
899 569 1103 615 triduum
1156 564 1277 613 illud
1329 563 1492 610 Cutill.

115 634 280 680 laxius
295 632 591 697 proferatur.
612 636 821 697 Massejo
853 638 1014 698 utique
1048 650 1146 680 cum
1183 632 1372 677 Garzia
1394 644 1492 675 con-

116 702 250 746 venit
285 699 341 746 de
376 700 581 748 bimestri
606 700 712 766 fere
747 704 957 749 Xaverii
992 713 1100 747 tunc
1133 696 1260 759 apud
1277 696 1494 743 Cocinum

114 769 489 812 commoratione.
525 769 676 832 Atqui
709 786 796 816 sex
834 769 1042 820 Xaverii
1087 764 1301 829 epistolas
1350 759 1492 807 habe-

116 847 216 877 mus
252 834 414 878 Cocino
450 836 612 881 missas
646 834 871 887 mensibus
894 833 1152 898 JanuariO,
1201 843 1256 881 ac
1293 828 1493 874 Februa-

115 900 184 944 rio
220 902 530 962 consequentis
579 904 692 947 anni
747 913 912 965 1549;
966 911 1010 946 et
1055 898 1227 953 aliam,
1271 892 1495 941 hactenus

114 963 352 1025 ignotam,
390 965 489 1010 God
525 968 708 1013 missam
748 980 809 1013 22
846 969 966 1014 Dec.
1005 962 1164 1026 1548:
1215 977 1276 1006 ex
1327 958 1494 1022 quibus

115 1028 320 1075 omnihus
355 1042 573 1092 apparet,
609 1033 876 1078 Xaverium
930 1028 1143 1076 Punicali
1191 1028 1336 1071 Goam
1383 1037 1494 1071 ante

101 1093 249 1155 finem
304 1096 516 1142 Octobris
552 1112 637 1141 non
687 1099 967 1154 revertisse,
1018 1108 1098 1139 nec
1146 1090 1256 1138 duos
1308 1090 1496 1137 eundem

115 1176 290 1206 menses
325 1163 481 1210 Coi-ini
518 1159 687 1209 haerere
720 1164 915 1224 potuisse
951 1160 1040 1206 nisi
1063 1155 1192 1222 forte
1226 1171 1254 1203 a
1276 1156 1381 1214 fine
1399 1159 1495 1201 De-

117 1226 309 1273 cembris
340 1259 351 1270 .
407 1229 567 1290 Atque
616 1227 682 1276 hae
733 1240 978 1291 temporum
1025 1237 1163 1279 notae,
1217 1223 1501 1283 locorumque

115 1292 383 1350 distantiat,
436 1306 653 1342 accurate
703 1293 978 1356 pensandae,
1017 1303 1060 1337 et
1096 1306 1194 1336 cum
1232 1287 1497 1339 Orlandino

113 1360 252 1405 etiam
307 1356 585 1422 conferendae
619 1358 700 1406 lib.
738 1359 766 1405 8
800 1373 830 1405 a
868 1375 913 1404 n.
953 1356 1081 1414 126,-
1117 1358 1165 1408 in
1201 1370 1287 1421 quo
1341 1366 1496 1407 tamen

115 1421 349 1472 vitandus
384 1441 536 1483 error,
575 1443 661 1489 quo
700 1426 965 1472 Xaverium
991 1425 1062 1471 ait
1077 1421 1152 1470 die
1187 1436 1249 1472 22.
1284 1419 1402 1473 Oct·
1432 1435 1497 1469 ex

117 1492 352 1538 Comorino
388 1495 534 1539 Goam
570 1494 734 1541 Cocino
768 1491 1064 1556 pervenisse..

113 1619 608 1675 EPISTOLARUM

117 1687 251 1797 Orbdo
285 1701 435 1735 novus
703 1688 833 1735 Ordo
869 1699 1008 1737 vetus

119 1753 226 1798 Li.
296 1765 340 1798 2.

137 1819 225 1880 Ep.
261 1829 339 1881 25.
375 1817 589 1864 inedita.
626 1819 679 1865 P.
715 1815 915 1883 Ignatio
954 1815 1089 1866 Mar-

418 1881 544 1930 tinio
575 1885 687 1930 Soc,
721 1884 867 1947 Jesu.
904 1882 1003 1930 Goc'z
1024 1896 1088 1932 22.

424 1951 545 1996 Dec.
587 1950 711 2013 1548

189 2008 352 2074 Hujus
386 2016 699 2079 apographum
746 2016 1010 2077 Hispanum
1064 2008 1207 2057 Rom&
1256 2010 1380 2058 misit
1430 2008 1500 2053 D·

123 2080 342 2144 Ignatius
379 2083 593 2139 Guerra‚
642 2083 901 2143 monuitque
949 2074 1286 2140 autographum
1338 2084 1503 2119 extare

121 2145 250 2208 apud
283 2147 353 2192 D.
390 2148 585 2195 Sanctos
621 2145 870 2204 Gladium,
911 2145 1238 2191 Lusitanorum
1285 2140 1386 2186 olim
1425 2138 1502 2201 Je-

123 2213 353 2258 suitarum
402 2212 902 2268 vice-Provincialem,
953 2211 1032 2272 qui
1080 2206 1198 2254 illud
1249 2219 1280 2251 a
1334 2206 1508 2250 Goanae

120 2280 375 2343 provinciae
423 2279 640 2344 patribus
695 2279 906 2343 accepit,
956 2287 986 2323 a
1040 2273 1266 2400 Lus-itane
1319 2269 1504 2345 φιιςίεννι

1273 2347 1324 2383 ut
1360 2351 1439 2385 vx-
