1781 2889
374 260 475 330 318
609 259 659 308 S.
691 255 1071 308 FRANCISCI
1105 257 1401 309 XAVERn

300 368 452 417 tanta
487 354 536 402 in
574 365 651 401 me
703 352 774 401 vis
829 364 980 417 atque
1034 351 1186 402 virtus
1233 365 1308 404 est
1356 349 1540 416 animi,
1580 370 1690 420 quae

304 436 410 476 tam
446 419 754 470 cumulatum
791 417 1112 483 promeritum
1147 435 1327 483 capere
1360 419 1516 484 possit
1532 419 1691 471 omni-

303 506 404 541 no.
445 489 801 540 Verumtamen
850 498 906 533 ut
955 484 1121 552 aliqua
1172 501 1231 534 ex
1285 499 1427 550 parte
1473 484 1693 553 fugerem

297 553 485 622 ingrati
529 551 677 600 animi
714 564 915 612 notam,
955 553 1136 603 DEUS
1173 568 1260 614 pro
1294 567 1379 600 sua
1414 551 1694 620 benignita·-

299 634 355 672 te
405 636 463 669 ac
514 617 849 668 misericordia
898 617 1084 681 aliquid
1138 617 1289 677 mihi,
1343 618 1434 667 etsi
1480 623 1692 681 parum,

299 686 405 745 eius
444 686 636 734 notitiae
675 697 751 734 est
789 684 1211 748 impertitus.Sed
1235 683 1341 732 finis
1357 683 1692 751 sit.JESUM

295 751 577 809 Dominum
615 767 743 811 om,
777 763 832 800 ut
869 751 1065 816 quando
1102 749 1151 799 in
1203 764 1339 805 suam
1391 753 1478 798 nos
1524 750 1691 800 Socie-

298 832 459 875 tatem
496 816 710 866 adscitos
749 816 797 865 in
835 817 927 865 hac
963 833 1233 865 aerumnosa
1279 816 1383 865 vita
1420 831 1693 883 congrega-

306 885 416 946 vit,
453 884 657 935 tandem
693 884 744 930 in
781 883 932 932 beata
966 883 1050 940 illa
1085 897 1361 950 congreget
1407 883 1692 931 aeternitate

295 950 348 1002 in
385 950 664 1000 coelestium
685 950 994 1000 Societatem
1018 965 1231 1001 vocatos
1248 985 1260 996 .
1287 948 1558 999 Praesertim
1581 950 1694 998 cnm

298 1017 351 1069 in
389 1020 483 1067 hac
519 1016 624 1067 vita
661 1014 762 1080 ejus
797 1019 946 1067 causa
981 1015 1268 1083 corporibus
1304 1015 1431 1066 adeo
1466 1013 1691 1065 distracti

300 1098 447 1136 simus
480 1120 492 1131 .

367 1164 443 1217 23.
481 1148 582 1199 Vos
633 1146 673 1195 si
725 1145 839 1212 quid
891 1147 1031 1197 nobis
1082 1147 1352 1214 aliquando
1404 1146 1686 1211 mandatiS,

295 1229 388 1270 aut
438 1215 489 1263 in
540 1213 751 1264 Moluco
804 1215 1147 1275 versantibUS‚
1185 1227 1271 1263 aut
1321 1213 1371 1261 in
1414 1212 1691 1280 Japoniam

295 1279 621 1351 profecturi5‚
659 1280 936 1336 meminisse
974 1293 1207 1344 oportet,
1246 1291 1363 1328 ante
1418 1278 1688 1328 triennium

296 1351 358 1404 ὅ(
394 1363 576 1396 novem
617 1360 804 1395 menses
840 1347 902 1395 ad
940 1363 1027 1395 vos
1064 1343 1268 1410 perferri
1300 1360 1399 1393 non
1426 1360 1568 1407 posse
1604 1359 1685 1392 re-

296 1428 564 1477 sponsum.
617 1411 775 1461 Ratio
829 1411 876 1458 in
923 1425 1155 1476 promptu
1206 1423 1307 1459 est:
1362 1425 1475 1458 nam
1512 1423 1688 1460 vestrae

293 1478 476 1533 litterae
524 1492 660 1526 nono
712 1478 907 1526 demum
962 1492 1129 1525 mense
1184 1476 1234 1525 in
1282 1476 1476 1524 Indiam
1514 1491 1687 1538 perve-

289 1550 472 1605 niunt3
524 1544 838 1592 interceiunt
890 1541 1064 1590 deinje
1111 1554 1232 1591 octo
1282 1540 1403 1590 item
1460 1557 1680 1608 menses,

296 1627 356 1662 ut
394 1625 546 1658 naves
581 1609 759 1659 idonea
807 1619 1109 1671 tempestate
1157 1620 1337 1672 petant
1395 1608 1688 1669 Molucurn,

297 1678 351 1729 in
387 1673 701 1740 profectione
751 1690 808 1722 ac
861 1673 1177 1734 reversione,
1234 1685 1290 1722 ut
1347 1673 1692 1724 secundissima

302 1741 633 1804 navigatione
684 1751 910 1800 utantur,
949 1755 1139 1788 menses
1176 1753 1536 1790 consumuntur
1575 1757 1694 1793 κη.

305 1804 545 1872 Denique
582 1807 800 1855 exlndia
835 1819 948 1871 post
982 1819 1218 1856 octavum
1240 1821 1457 1855 mensem
1478 1808 1694 1859 Romam

303 1877 490 1926 litterae
528 1870 866 1937 perferuntur3
889 1873 1036 1937 idque
1063 1875 1172 1921 crim
1209 1873 1369 1922 ventis
1406 1889 1462 1921 ac
1500 1886 1692 1936 tempe-

303 1942 518 2000 §tatibus
555 1940 818 2006 navigatur
853 1939 1109 1988 secundis:
1150 1955 1262 1988 nam
1301 1939 1546 1988 interdurn
1584 1954 1694 2000 pro-

303 2022 416 2075 pter
448 2006 791 2054 incommodas
827 2017 1152 2068 tempestates
1200 2005 1304 2069 plus
1340 2021 1473 2054 anno
1512 2004 1559 2052 in
1595 2005 1696 2053 Ro-

307 2090 460 2125 mano
513 2071 688 2128 itinere
750 2071 955 2138 ponitur
989 2109 1002 2120 .
1068 2088 1178 2129 κη.
1243 2070 1351 2128 Kal,
1414 2070 1695 2123 Februarias

309 2136 523 2193 Cocini,

1496 2465 1625 2519 11³1-
