1781 2889
201 180 684 233 EPISTOLARUM
699 216 710 228 .
732 182 838 232 Lib.
856 187 923 232 Π,
944 184 1026 247 Ep.
1043 184 1205 234 XVII.
1274 198 1362 250 275

54 291 262 340 :stanter
296 276 452 327 remisi
501 278 706 341 omnia,
744 295 805 327 ne
842 279 1072 329 videlicet
1107 279 1431 327 medicamen-

65 349 130 396 tis
175 357 401 402 onustus,
457 358 686 395 oneraret
724 345 888 398 ⁴etiam
942 345 1281 404 solicitudine,
1336 346 1430 408 qua

65 411 324 460 carebam·
360 410 481 458 Cum
519 410 646 460 enim
684 426 880 458 omnem
915 427 1047 473 spem
1084 427 1241 459 meam
1273 411 1429 460 collo.-

63 491 249 524 cassem
286 477 334 524 in
373 474 546 523 divina:
584 475 899 537 providentiae
950 477 1200 538 praesidio,
1250 491 1429 523 caven-

67 544 182 588 dum
234 539 350 589 mihi
403 540 774 601 existimabam,
828 558 889 591 ne
935 544 1154 592 humanis
1204 541 1430 602 praesidiis

65 605 243 665 fretu-s,
282 607 596 668 deperderem
632 607 812 670 aliquid
850 609 908 656 de
946 607 1119 656 fiducia
1157 609 1275 657 DEI
1298 608 1430 657 ‚Ita-

67 688 161 735 que
199 673 265 720 eis
303 671 484 739 gratias
523 671 622 735 egi,
661 673 717 729 &
751 672 888 720 simul
924 688 1094 720 omnes
1147 673 1431 733 obsecravi,

72 750 128 785 ut
165 753 249 797 pro
288 753 363 785 me
401 737 605 786 DEUM
642 739 1044 800 deprecarentur:
1083 740 1178 787 hoc
1214 737 1430 786 remedio

70 803 255 853 nullum
292 803 568 866 praesentius
604 818 742 863 posse
777 806 1007 867 reperiri.

139 888 179 934 5.
217 872 311 916 Sed
347 880 401 915 ut
437 868 498 916 ad
521 866 812 917 Molucense
848 870 942 918 iter
976 881 1312 929 revertamur,
1351 882 1434 915 na-

73 933 328 999 vigatione
363 934 433 980 usi
468 948 626 982 sumus
662 934 860 987 minime
896 935 1133 983 secunda:
1162 935 1311 984 multa
1331 945 1434 981 tum

73 999 369 1060 piratarum,
407 1010 511 1046 tum
548 1011 896 1063 tempestatum
931 999 1146 1064 pericula
1181 999 1433 1048 adivimus.

64 1065 191 1115 Ilrud
231 1067 530 1126 maximum,
566 1063 756 1127 ingenti
792 1065 903 1113 navi
955 1066 1277 1125 vehebamur,
1327 1082 1430 1127 quae

69 1131 376 1192 tempestatis
413 1131 596 1191 impetu
620 1132 669 1178 in
688 1144 840 1194 syrtes
876 1131 1115 1195 abrepta,
1152 1133 1245 1180 tria
1267 1131 1431 1180 ⁴millia

61 1211 281 1258 passuum
330 1195 397 1243 ita
450 1193 697 1255 confecit,
751 1210 804 1246 ut
853 1200 1001 1246 imum
1047 1195 1431 1259 gubernaculum

66 1264 307 1323 perpetuo
342 1275 544 1311 arenam
581 1266 964 1327 perstringeret.
1010 1262 1159 1329 Qod
1197 1263 1233 1310 si
1269 1260 1346 1307 vel
1384 1260 1431 1306 in

58 1327 276 1377 latentes
314 1323 572 1388 scopulos,
611 1326 688 1378 vel
726 1332 773 1379 in
811 1328 936 1374 vada
970 1326 1229 1389 inaequalia
1267 1329 1428 1376 incur-

61 1393 203 1441 risset
238 1392 416 1454 (quod
454 1405 621 1440 omnes
660 1407 720 1440 ne
755 1391 1032 1450 accideret,
1070 1392 1270 1439 subinde
1309 1391 1435 1440 exti-

67 1456 442 1521 mescebamus)
478 1460 611 1510 certe
648 1456 786 1507 facto
823 1454 1436 1522 naufragiointerissemus

56 1524 306 1574 universi.
343 1522 558 1570 Multum
593 1522 658 1573 ibi
696 1523 1022 1584 lacrymarum
1061 1524 1185 1581 vidi,
1224 1524 1431 1569 multum

59 1586 382 1636 solicitudinis
420 1588 475 1641 &
511 1590 733 1652 angoris,
770 1591 878 1635 cum
933 1604 1099 1634 omnes
1149 1588 1196 1635 in
1245 1587 1430 1650 singula

31 1665 310 1701 -mornenta
368 1664 575 1700 mortem
627 1664 986 1714 expectarent.
1042 1654 1218 1700 Verum
1274 1652 1432 1700 noluit

63 1719 242 1769 DEUS
294 1732 380 1765 nos
433 1718 664 1779 perdere,
719 1719 799 1766 sed
851 1717 1070 1779 periculis
1120 1718 1341 1777 erudire3
1379 1732 1432 1764 ut

66 1799 149 1830 usu
193 1783 325 1832 docti
362 1782 769 1847 intelligeremus,
807 1786 949 1845 quam
985 1783 1179 1831 infirma:
1201 1783 1294 1830 sint
1315 1799 1433 1843 opes

64 1860 273 1908 nostrae,
311 1848 499 1912 quoties
537 1859 623 1895 aut
659 1847 832 1895 nostris
871 1848 1183 1907 viribus,aut
1206 1848 1435 1928 praesidiis

62 1914 261 1962 nitimur
291 1915 541 1962 humanis.
581 1915 710 1960 Nam
747 1912 826 1960 ubi
863 1912 1095 1971 senseris,
1145 1931 1287 1977 quam
1341 1912 1431 1965 fal-

61 1977 192 2029 laces
230 1980 325 2027 sint
361 1995 466 2039 spes
504 1991 626 2036 tuae,
665 1978 721 2028 &
756 1979 974 2026 humanis
1012 1978 1179 2039 opibus
1230 1978 1434 2028 omnino

62 2043 238 2092 diffisus
275 2045 322 2093 in
361 2044 446 2093 illo
484 2059 643 2091 rerum
683 2043 898 2090 omnium
954 2044 1305 2102 Moderatore,
1354 2043 1433 2106 qui

65 2126 183 2157 unus
219 2109 432 2170 pericula
468 2108 609 2171 ipsius
659 2110 805 2158 causa
852 2122 1073 2170 suscepta
1129 2107 1272 2161 facile
1321 2126 1432 2170 pro-

64 2175 255 2237 pulsare
293 2187 488 2237 potest,
526 2188 655 2234 spem
694 2189 887 2222 omnem
926 2174 1171 2236 posueris3
1210 2188 1312 2222 tum
1351 2189 1433 2222 ve-

61 2244 119 2288 rb
155 2240 295 2302 plane
331 2239 619 2302 experiariS,
660 2240 773 2286 DEI
813 2238 1013 2301 imperio
1039 2255 1095 2286 ac
1119 2252 1238 2288 nutu
1272 2239 1435 2288 omnia

61 2306 356 2371 gubernari,
413 2306 469 2361 δε
523 2304 837 2368 quantumvis
891 2303 999 2356 vitae
1053 2304 1306 2358 discrimen
1345 2321 1438 2367 prae

689 2372 719 2418 S
748 2387 775 2419 2
1273 2386 1371 2418 coe—
