1781 2889
382 243 476 294 192
630 227 679 275 S.
717 226 1088 276 FRANCISCI
1125 226 1424 278 XAVERII

312 327 546 388 Dyr-rasta
584 323 734 387 Regis
772 321 937 381 filius,
973 323 1203 388 idemque
1240 324 1376 389 regni
1426 323 1704 376 heres-sta·

314 403 484 441 tuerat
522 388 625 439 fieri
669 387 1014 447 Christianus3
1047 391 1179 452 quod
1229 390 1311 438 ubi
1366 393 1477 439 Rex
1515 406 1704 458 cogno.

320 457 423 517 vit,
464 456 715 504 hominem
752 453 1016 503 confestim
1056 455 1263 504 interfici
1284 455 1705 521 jussit.Narrant‚

323 523 406 587 qui
456 533 721 584 praesentes
775 521 896 569 caedi
945 519 1224 571 affuerunt.
1278 523 1341 570 ab
1391 540 1440 573 se
1486 524 1535 572 in
1572 526 1707 574 coelo

321 591 520 654 igneam
559 603 662 636 esse
701 586 855 637 visam
910 602 1141 646 crucem,
1193 588 1248 639 &
1301 589 1383 638 ubi
1436 589 1518 638 ille
1556 606 1709 640 caesus

314 657 415 715 sit,
454 653 500 703 in
541 655 673 702 hiatu
730 667 872 702 terrae
927 654 1132 719 figuram
1189 655 1342 702 crucis
1393 656 1705 706 animadver-

318 736 463 771 sam:
515 719 792 783 complures
841 719 1152 780 incolarum,
1208 719 1288 784 qui
1337 719 1421 768 illa
1468 727 1723 786 portenta

311 787 690 850 conspexerint,
714 786 775 834 ad
795 786 1078 836 Christiana
1115 801 1252 836 sacra
1275 800 1498 849 spectare
1519 826 1532 839 .
1549 788 1706 849 Hujus

313 857 594 916 Dynastae‚
650 868 796 918 quem
850 853 984 915 dixi,
1042 853 1197 904 frater
1242 852 1413 902 iisdem
1451 870 1703 918 permotus

319 920 583 987 prodigiis,
625 921 949 970 Sacerdotem
989 922 1250 984 quemdam
1290 921 1543 981 exoravit,
1575 936 1631 972 ut
1652 938 1705 972 se

319 986 525 1036 salutari
581 987 809 1035 ablueret
861 987 1018 1051 aqua.
1070 989 1283 1052 Jamque
1333 987 1393 1035 ad
1440 988 1704 1038 Praetorem

313 1054 470 1104 lndiae
510 1053 772 1120 confugit,
835 1053 1049 1116 petitum
1103 1053 1337 1103 auxilium
1390 1066 1571 1103 contra
1607 1057 1707 1106 Re-

312 1137 455 1188 gem,
497 1122 578 1186 qui
614 1135 906 1187 germanum
954 1136 1088 1168 suum
1138 1121 1375 1169 necavit.
1433 1122 1559 1170 Cum
1610 1121 1707 1170 hoc

313 1203 410 1255 ego
448 1187 498 1235 in
536 1188 714 1236 itinere
751 1185 1065 1246 collocutus,
1104 1204 1164 1237 ex
1203 1185 1304 1246 ejus
1341 1202 1569 1238 sermone
1607 1202 1708 1236 ma-

310 1269 461 1319 gnam
500 1254 711 1316 concepi
750 1269 913 1315 spem,
968 1254 1102 1302 brevi
1143 1256 1372 1320 Regnum
1410 1252 1527 1301 illud
1562 1251 1706 1303 Chri-

309 1320 372 1368 sti
409 1320 555 1369 fidem
597 1332 877 1368 secuturum
904 1357 914 1367 .
954 1321 1084 1369 Nam
1123 1321 1178 1372 &
1215 1318 1425 1383 populus
1476 1318 1706 1368 monstris

309 1385 403 1434 illis
457 1402 516 1434 ac
572 1386 722 1453 signis
774 1386 920 1434 valde
975 1399 1259 1434 commotus
1307 1398 1413 1446 est,
1471 1386 1528 1438 61
1564 1385 1704 1452 regni

313 1452 562 1501 hereditas
611 1453 771 1502 eidem
813 1456 1055 1515 Dynastae
1095 1452 1266 1513 venit,
1304 1451 1383 1518 qui
1423 1467 1579 1516 nuper
1629 1464 1706 1502 est

312 1517 606 1569 Christianis
644 1518 790 1568 sacris
830 1519 1086 1568 initiatus,

381 1601 421 1650 ς.
461 1590 515 1635 ln
554 1601 709 1651 regno
737 1583 1097 1633 Macazariensi
1139 1583 1228 1649 (id
1265 1582 1700 1633 abestaTravan·

309 1652 480 1701 coride
519 1650 684 1701 leucas
723 1650 824 1700 fere
863 1650 1342 1716 quingentas)octo
1363 1650 1543 1699 abhinc
1566 1665 1703 1699 men-

308 1718 436 1766 sibus
471 1731 568 1767 tres
610 1720 851 1780 Dynastae
895 1734 1003 1766 cum
1043 1717 1149 1766 aliis
1188 1716 1404 1779 plurimis
1458 1717 1521 1766 ad
1557 1716 1703 1766 Chri-

308 1796 436 1834 stum
494 1786 826 1852 aggregarunt
878 1799 1018 1833 sese.
1075 1783 1137 1835 Hi
1183 1784 1467 1844 Malacam,
1530 1784 1698 1832 urbem

307 1851 555 1901 Lusitanae
593 1851 822 1911 ditioniS‚
855 1864 1020 1900 certos
1058 1851 1278 1900 homines
1319 1850 1588 1907 miserunt,
1611 1847 1695 1913 qui

307 1918 624 1981 postularent
660 1917 869 1969 idoneos
908 1916 1067 1977 viros,
1105 1921 1133 1966 a
1171 1916 1342 1982 quibus
1381 1915 1547 1965 divina
1564 1915 1696 1979 Lege

304 1986 681 2035 imbuerentur.
730 1984 1206 2049 Confirmaruntque
1261 1999 1334 2043 se,
1401 1983 1482 2047 qui
1532 1981 1694 2029 adhuc

307 2051 548 2101 vixissent
596 2053 841 2113 pecudum
904 2052 1032 2111 ritu,
1088 2050 1294 2113 posthac
1334 2050 1451 2099 DEI
1478 2045 1691 2120 'notitia

306 2118 543 2183 cultuque
581 2117 827 2177 imbutos,
865 2117 1116 2166 hominum
1153 2132 1255 2166 esse
1287 2130 1423 2164 more
1443 2126 1697 2165 victuros,

303 2184 451 2236 Urbis
489 2183 751 2234 l’raefectus
787 2185 1086 2234 Sacerdotes
1128 2183 1322 2248 aliquot
1370 2180 1432 2228 ad
1485 2195 1572 2228 eos
1603 2178 1694 2227 mi-

303 2249 402 2312 sit,
440 2252 522 2316 qui
560 2250 607 2299 id
645 2251 857 2299 muneris
894 2251 1094 2299 obirent
1121 2287 1133 2298 .
1173 2250 1264 2299 Vel
1300 2246 1442 2305 hinc,
1501 2248 1691 2294 Fratres

305 2319 565 2378 carissimi,
621 2316 901 2384 intelligere
940 2316 1175 2381 potestis,
1232 2326 1447 2378 quantos
1485 2313 1562 2361 hic
1612 2311 1690 2360 sil-

306 2385 474 2437 vestris
512 2401 659 2454 ager,
699 2386 755 2437 ὅ(
792 2386 941 2450 quim
977 2384 1148 2434 uberes
1184 2381 1430 2444 spondeat
1467 2377 1690 2497 ἷὲκςυς.

1522 2461 1623 2511 qui-
