1781 2889
350 230 422 284 lvi
625 223 1328 281 PROLEGOMENA

286 325 445 376 Curiae
465 319 770 385 Episcopalis
810 322 1130 371 Bononiensis
1167 323 1216 371 in
1255 318 1596 386 ‘spiritualibus
1627 327 1682 370 et

290 387 646 454 temporalibus
695 388 954 437 Generalis
1007 389 1229 438 Vicarius
1303 403 1355 438 et
1430 385 1676 453 Suffraga-

286 473 409 507 neus
445 493 456 504 .
489 492 502 504 .
529 492 541 505 .
597 446 929 503 indubitatam
979 467 1030 504 et
1082 456 1325 504 sinceram
1381 452 1585 503 facimus
1626 454 1679 501 fi-

283 524 427 582 dem,
466 521 513 568 in
548 520 770 569 Domino
812 536 871 568 ue
919 533 1246 580 attestamur,
1296 522 1426 585 quod
1466 519 1681 568 francis-

285 605 369 638 cus
409 589 626 646 Xabier,
665 600 716 634 et
812 586 994 634 icolaus
1052 586 1310 636 Bovaiilla
1372 585 1679 650 presbyteri,

285 657 378 704 hac
417 668 581 702 nostra
617 651 821 700 civitate
862 653 1095 701 Bononia:
1152 654 1212 701 de
1267 652 1472 702 licentia
1512 666 1680 700 nostra

282 719 614 784 praedicarunt
649 717 835 766 sincere
871 730 922 766 et
957 718 1223 767 christiane
1247 752 1261 778 ,
1299 733 1390 767 nec
1426 718 1476 767 in
1512 712 1684 783 aliquo
1750 727 1751 730 ’

285 798 396 835 cum
435 783 632 833 Lutheri
671 784 900 831 doctrina
955 785 1353 844 convenientes,
1407 784 1511 833 imo
1567 800 1680 834 eam

283 851 481 901 summis
520 849 698 899 viribus
734 849 1098 911 exstirpantes:
1154 850 1202 897 in
1255 850 1425 914 quibus
1476 854 1683 900 concio-

283 919 426 966 nibus
463 916 672 965 multum
726 914 956 964 utilitatis
1010 914 1288 965 attulerunt
1340 915 1451 965 huic
1503 928 1684 967 nostrae

285 984 514 1043 civitati,
551 996 604 1032 et
638 997 808 1031 eorum
847 982 950 1031 vita
987 994 1038 1031 et
1075 982 1322 1042 moribus,
1361 998 1483 1047 quos
1510 995 1684 1032 omnes

289 1051 596 1115 probarunt,
645 1064 753 1098 eam
809 1048 1236 1111 corroborarunt.
1273 1049 1420 1098 Unde
1472 1049 1533 1097 ab
1586 1048 1686 1099 ista

289 1116 499 1166 civitate
552 1114 790 1180 fugitivos
845 1116 1131 1174 recessisse,
1189 1113 1364 1164 falsum
1422 1128 1537 1175 est,
1591 1116 1679 1166 sed

289 1183 383 1231 suis
422 1182 661 1248 negotiiS,
701 1195 751 1229 et
788 1192 842 1229 ut
879 1179 997 1227 alibi
1034 1182 1332 1230 seminarent
1369 1181 1553 1230 bonum
1608 1197 1684 1231 se-

289 1265 439 1309 men,
491 1248 624 1313 quod
679 1245 818 1295 nobis
870 1245 1208 1310 reliquerunt.
1249 1242 1303 1296 In
1360 1263 1569 1311 quorum
1628 1247 1683 1297 fi-

290 1316 505 1364 dem...
542 1316 730 1378 Datum
784 1313 1023 1361 Bononiae
1073 1313 1118 1360 in
1169 1313 1440 1377 episcopali
1494 1307 1686 1378 palatio

289 1382 371 1430 die
410 1382 487 1432 26.
538 1379 674 1444 Junii
730 1379 870 1446 1538.
926 1384 1153 1428 Intercisa
1208 1384 1272 1428 rei
1325 1395 1547 1429 summam
1597 1398 1685 1429 non

289 1462 532 1513 spatam.
617 1479 658 1509 5,

357 1516 452 1564 ΕΡ.
507 1513 599 1565 111.
640 1509 849 1563 Eidem.
900 1511 1169 1577 Descripta
1213 1510 1334 1562 item
1381 1527 1443 1562 ex
1497 1511 1682 1563 Archio

315 1582 529 1644 {omano
552 1615 563 1628 .
718 1640 719 1643 Ἴ

352 1653 386 1683 '⁶
425 1647 619 1696 Eidem.
673 1648 783 1694 Non
836 1648 918 1708 ,soli
974 1648 1027 1694 P.
1079 1648 1301 1714 Ignatio,
1337 1645 1420 1695 sed
1481 1646 1688 1694 omnihus·

287 1715 441 1764 Romae
483 1716 623 1763 Sociis
659 1714 777 1761 hanc
802 1711 954 1778 fuisse
1013 1730 1042 1760 a
1083 1717 1298 1762 Xaverio
1333 1716 1555 1771 missam,
1604 1711 1689 1762 ‘vel

287 1784 388 1845 ipsa
429 1783 603 1829 Por-sini
640 1781 950 1843 subscriptio:
989 1779 1230 1830 Omnibus
1264 1777 1404 1829 vobis
1441 1777 1490 1826 in
1526 1778 1689 1828 Chris-

287 1859 344 1897 to
383 1846 690 1910 Cliarissimis
729 1851 856 1910 satir
882 1843 1190 1910 manifestim,
1245 1850 1351 1894 sive
1389 1856 1440 1894 ut
1477 1846 1686 1894 Cutillas

286 1914 477 1963 edidit:
518 1915 693 1962 Vester
728 1911 776 1959 in
816 1911 1015 1960 Christo
1052 1915 1219 1962 Frater
1256 1910 1510 1960 minimus:
1541 1913 1686 1960 Fran-

286 1979 446 2029 ciscus
468 2016 480 2029 .
518 1985 638 2047 —Quae
674 1982 865 2028 utravis
899 1978 1174 2044 subscriptio
1211 1981 1353 2027 mult&
1390 1981 1548 2041 aptius
1593 1995 1688 2025 res-

322 2048 452 2094 undet
489 2040 600 2094 blm?
627 2044 752 2109 apud
823 2046 1094 2094 Cutillatesn
1153 2048 1478 2109 inscriptioni:
1532 2043 1686 2093 Patri-

286 2061 407 2172 ἕως,
445 2111 787 2175 Fratribusque
828 2109 1094 2160 Societatis
1130 2114 1247 2175 Jesu
1287 2113 1537 2161 Romam:
1594 2111 1684 2158 Seu

290 2181 516 2238 brevius,
553 2193 603 2226 ut
640 2192 825 2229 vertere
862 2182 1101 2226 consuevit
1141 2178 1463 2236 Tursellinus,
1514 2173 1684 2224 Socie—

289 2244 383 2295 tati
418 2239 535 2308 Jesu
577 2246 792 2293 Romam
817 2281 828 2293 .
866 2246 1026 2309 Atque
1063 2259 1113 2292 ut
1150 2245 1229 2292 hoc
1263 2242 1400 2291 semel
1450 2256 1682 2302 moneam,

288 2315 551 2374 Hispanica
588 2310 808 2373 ejus-modi
844 2310 1039 2358 libenter
1074 2329 1096 2358 e
1134 2310 1382 2358 <1‘ursellini
1420 2323 1539 2355 more
1573 2309 1684 2356 lari-

284 2381 346 2432 αδ
401 2377 630 2427 reddam.
673 2382 813 2429 Hanc
848 2377 1085 2445 epistolam
1131 2387 1203 2444 3=⁰
1227 2376 1347 2444 Julii
1383 2372 1546 2490 datalm
1593 2375 1683 2424 col-

1517 2454 1602 2489 au-
