1781 2889
323 221 484 274 xxxiv
620 221 1324 277 PROLEGOME-NA

902 322 1024 379 IV·

272 405 980 478 REVERENDIS
1074 401 1660 479 PATRIBUS

424 504 521 567 ET
589 502 1014 559 CARISSIMIS
1082 500 1508 556 FRATRIBUS

709 594 1061 635 SOCIETATIS
1095 593 1227 643 JESU

507 713 675 759 Petrus
698 713 909 760 Possinus
935 731 997 769 ex
1023 711 1178 760 eadem
1203 712 1430 760 societate

589 777 801 826 Salutem
835 782 883 825 in
921 780 1107 827 Christo
1143 791 1341 826 veram.

409 912 596 964 Istoriae
652 926 832 963 nostrae
885 913 1323 964 continuationem
1358 912 1670 978 expectanti-

442 981 526 1028 bus
567 981 754 1041 Vobis,
793 982 850 1032 ὅ(
888 981 1102 1030 debente
1140 998 1252 1044 me3
1292 982 1537 1054 utrimque
1576 997 1666 1042 op-

271 1061 489 1120 portuna
526 1061 588 1095 en
623 1063 673 1095 se
712 1045 921 1096 facultas
959 1045 1140 1108 offert,
1179 1062 1232 1098 ut
1286 1047 1432 1096 vestri
1485 1045 1669 1095 deside-

271 1130 332 1163 111
382 1112 704 1172 consolandi,
744 1114 813 1160 ita
850 1130 968 1163 meae
1008 1130 1207 1178 quoque
1261 1129 1407 1162 morae
1457 1126 1669 1187 purgan-

275 1182 384 1228 dae.
421 1182 494 1227 Ac
531 1179 694 1227 dilatae
732 1178 926 1244 quidem
965 1180 1236 1240 Elitionis,
1276 1196 1423 1247 quam
1461 1178 1680 1242 simplex

273 1260 378 1296 tam
419 1243 596 1293 efficax
636 1247 893 1296 excusatio
931 1260 1036 1294 est:
1079 1247 1209 1311 quod
1248 1244 1294 1292 in
1334 1262 1442 1303 eam
1498 1259 1667 1294 neces-

276 1312 406 1360 sario
440 1312 757 1360 incurrebant
793 1312 983 1376 aliqua
1024 1328 1129 1377 quae
1166 1300 1415 1376 publicare
1446 1311 1667 1362 nondum

273 1378 429 1437 licet,
468 1390 554 1426 aut
591 1378 823 1442 expedit.
861 1378 1125 1428 Tarditatis
1173 1382 1293 1427 vero
1329 1377 1666 1438 solutionum,

276 1460 384 1516 quae
423 1444 502 1492 vel
539 1445 902 1507 approbandae,
954 1444 1034 1494 vel
1071 1444 1347 1500 molliendae
1398 1444 1530 1507 apud
1577 1444 1667 1501 im-

273 1525 526 1575 patientes
565 1511 880 1572 creditores,
940 1512 1117 1585 duplex
1173 1511 1325 1584 vulgo
1376 1514 1506 1560 ratio
1562 1523 1665 1571 est,

278 1576 499 1690 Pignoris
538 1576 776 1626 videlicet
823 1578 1028 1641 pretiosi
1081 1577 1369 1642 oppositio,
1421 1578 1478 1638 ὅτ
1528 1575 1668 1626 locu-

274 1642 422 1707 pletis
463 1639 727 1702 Fideiussio
766 1645 1054 1707 sponsoris,
1091 1658 1300 1709 utraque
1349 1644 1397 1692 in
1448 1656 1665 1703 vestrum

276 1709 654 1760 delinimentum
702 1727 822 1760 meae
859 1710 1171 1761 cunctationi
1211 1725 1340 1758 nunc
1389 1698 1666 1760 subvenit:

277 1775 479 1841 quando
534 1777 592 1827 ὃς
645 1776 691 1824 in
745 1766 935 1826 arrham
975 1794 1074 1826 non
1130 1777 1382 1849 expedite-e·
1425 1777 1485 1825 ad
1534 1775 1665 1834 diem

275 1846 461 1892 dictam
529 1842 813 1904 Pensionis,
874 1845 1161 1906 Archetypa
1216 1842 1464 1908 quantivis
1517 1841 1663 1905 pretii

273 1908 489 1960 Cimelia
523 1910 816 1958 traduntur:
872 1911 931 1974 ὃς
976 1909 1264 1959 certitudini
1314 1920 1666 1972 repraesentan-

275 1979 348 2026 dae
391 1974 693 2048 solutionis,
745 1975 1102 2040 quamprimum
1154 1975 1492 2038 productionis
1538 1987 1665 2025 tcm-

275 2041 533 2114 pestivitas
581 2043 896 2102 maturuerit,
935 2043 1238 2105 securissime
1275 2055 1483 2093 cavetur
1510 2039 1665 2096 ,inter-

273 2122 439 2187 positu
469 2107 615 2155 Vadis
651 2109 953 2181 exceptione
992 2109 1225 2169 majoris.
1272 2109 1664 2159 Xaverianarum

273 2177 426 2247 igitur
461 2175 699 2223 hactenus
735 2191 835 2224 non
874 2192 1083 2225 visarum
1119 2175 1448 2235 Epistolarum
1496 2173 1667 2223 Colle-

273 2256 496 2291 ctionem
542 2256 751 2302 novam,
790 2259 878 2315 pro
916 2243 1278 2292 narrationibus
1328 2238 1667 2288 substituimus

275 2307 495 2357 nondum
535 2308 733 2401 prodire
767 2324 891 2358 ausis
926 2310 1256 2372 poste-riorum
1309 2323 1442 2357 anno
1498 2305 1666 2354 Socie-

277 2373 396 2425 tatis
472 2374 687 2424 conditae
753 2374 1166 2444 quinquagesimo
1235 2372 1389 2423 nostri
1460 2372 1667 2422 Ordinis

1445 2440 1608 2490 Even-
