1781 2889
379 225 476 292 248
614 224 662 274 s,
699 219 1067 274 FRANcism
1103 221 1403 275 XAVERH

313 321 387 373 Ibi
426 320 591 370 cuncti
641 329 896 391 quotquot
931 318 993 366 ab
1046 320 1165 371 orbe
1217 322 1423 371 condito
1470 322 1699 374 ultimum

313 388 540 452 spiritum
589 399 730 434 extra
788 384 885 432 Dei
921 386 1133 451 gratiam
1185 387 1421 437 efflarunt
1471 391 1699 440 homines

317 453 473 516 culpae
534 450 732 500 lethalis
781 451 878 499 rei.
933 454 989 500 In
1035 454 1162 502 hanc
1198 456 1409 528 stygiam
1446 454 1702 506 fornacem

317 536 397 585 qui
436 517 588 566 semel
626 529 737 565 sunt
772 513 1024 578 conjecti,
1073 524 1307 593 aeternum
1359 539 1460 571 sine
1497 540 1579 587 spe
1614 539 1701 590 ge-

318 599 493 643 munt,
545 599 687 632 sensu
725 598 917 646 semper
953 586 1124 647 puncti
1160 586 1278 635 vivo
1314 587 1588 654 ingentium
1644 591 1702 642 ὅ(

315 651 752 699 innumerabilium
804 649 1081 712 malorum,
1135 668 1343 717 quorum
1396 671 1486 704 nec
1539 672 1699 705 reme-

319 717 484 777 dium,
538 733 630 767 nec
665 717 1037 777 laxamentum,
1087 733 1178 767 nec
1215 718 1448 769 solatium
1486 722 1565 772 vel
1612 722 1732 770 mi-

315 785 536 844 nimum,
573 799 717 848 posse
754 782 863 846 ipsis
899 784 1159 854 undelibet
1193 787 1488 853 contingere
1525 789 1700 853 perin-

314 851 506 900 finitam
543 849 839 900 saeculorum
887 850 1113 900 omnium
1151 829 1544 916 perennitatem,
1592 871 1700 918 per-

312 917 637 966 suasissimum
677 918 896 966 habent.
939 941 943 948 ·

383 1000 460 1050 24.
497 985 545 1034 O
583 986 770 1034 Fratres
807 983 933 1032 mei.
972 998 1078 1049 quae
1114 981 1281 1034 isthaec
1318 983 1578 1052 (malurn)
1614 986 1700 1035 de·

314 1051 511 1101 mentia
559 1063 729 1099 nostra
786 1056 889 1101 est'
946 1050 1016 1100 ita
1070 1065 1158 1100 nos
1210 1067 1406 1101 securos
1453 1053 1515 1099 ab
1566 1053 1702 1100 omni

315 1116 515 1167 Tartari
575 1130 712 1167 metu
767 1118 966 1177 vivere,
1022 1133 1133 1166 cum
1189 1118 1448 1167 criminum
1498 1117 1545 1166 in
1599 1117 1700 1167 dies

314 1183 625 1234 atrociorum
680 1184 1007 1251 congerendis
1045 1184 1093 1232 in
1141 1185 1472 1234 conscientias
1509 1198 1701 1234 nostras

313 1251 553 1312 struibUS,
593 1224 810 1300 flammis
839 1249 932 1299 illis
970 1249 1278 1314 sempiternis
1329 1250 1593 1302 materiam
1629 1266 1703 1300 se-

315 1317 434 1366 dulo
470 1333 730 1381 paremus.
786 1320 862 1366 An
900 1334 998 1366 non
1056 1319 1151 1366 hoc
1187 1317 1423 1367 indicium
1477 1331 1553 1368 est
1598 1317 1700 1365 evi-

311 1382 430 1432 dens
479 1396 691 1443 nostrae,
747 1399 848 1432 non
905 1385 1067 1433 dicam
1122 1384 1362 1445 modicae,
1419 1383 1502 1433 sed
1553 1382 1698 1447 plane

310 1450 491 1500 nullius
528 1450 681 1500 fidei?
720 1451 901 1515 quippe
938 1465 1083 1516 quam
1123 1450 1218 1500 etsi
1253 1451 1422 1526 lingua
1458 1450 1695 1514 profitea-

309 1529 421 1576 tur,
461 1532 631 1565 manus
667 1530 838 1566 tamen
894 1519 950 1570 <Sc
990 1517 1093 1566 vita
1143 1518 1347 1566 certiori
1403 1529 1697 1589 argumento

310 1581 534 1643 refellit,
575 1595 629 1631 ut
667 1598 892 1632 recusare
930 1595 1181 1648 nequeat,
1236 1583 1316 1657 qui
1354 1597 1404 1632 se
1459 1582 1659 1631 Christi
1650 1599 1700 1630 ι-

313 1665 432 1698 num
484 1646 678 1710 ferenS,
726 1648 983 1699 licentiam
1023 1659 1254 1713 usurpat,
1305 1648 1353 1697 in
1404 1649 1693 1712 peccandO,

313 1717 790 1766 Mahumetanorum
828 1717 885 1768 ὅ(
923 1715 1283 1775 Idolatrarum‚
1322 1714 1436 1780 quin
1471 1713 1506 1764 si
1544 1731 1698 1780 quan-

312 1782 381 1832 do
419 1798 525 1832 sese
563 1781 699 1831 dicat
752 1783 955 1832 credere
995 1782 1131 1848 ignes
1185 1781 1440 1841 Infern08‚
1495 1782 1551 1834 δε
1587 1797 1693 1844 poe-

310 1864 396 1898 nas
433 1849 569 1899 nullo
591 1847 930 1898 terminandas
964 1850 1091 1910 fine,
1128 1849 1224 1898 Dei
1262 1850 1446 1923 Legem
1483 1848 1697 1914 migran—

311 1915 442 1965 tibus
480 1928 733 1975 servataS,
771 1914 948 1966 fallere
985 1931 1044 1964 ac
1082 1914 1280 1964 mentiri
1318 1887 1581 1975 judicetur?
1601 1914 1693 1961 Ec-

310 1981 491 2043 clesia,
530 1982 610 2033 vel
648 1982 883 2031 Fidelium
921 1982 967 2030 in
995 1983 1152 2032 Terris
1191 1981 1434 2041 militans,
1471 1979 1551 2030 vel
1573 1981 1693 2028 San-

303 2062 500 2099 ctorum
540 2065 649 2098 cum
676 2051 790 2098 Deo
829 2049 1141 2116 regnantium
1163 2047 1466 2122 triumphans
1500 2046 1548 2093 in
1572 2048 1690 2094 Coe-

302 2116 389 2177 lis,
446 2131 698 2180 nunquam
738 2129 849 2164 orat
898 2132 984 2179 pro
1023 2113 1229 2165 mortuis
1266 2132 1313 2163 in
1352 2113 1568 2162 infimum
1607 2115 1687 2160 In-

303 2181 498 2232 fernum
535 2182 740 2247 legatis;
780 2181 956 2248 quippe
978 2198 1183 2248 quorum
1222 2182 1272 2229 in
1309 2194 1507 2229 omnem
1545 2190 1686 2227 aeter-

303 2249 518 2299 nitatem
567 2248 796 2298 Paradiso
845 2248 1155 2298 exclusorum
1203 2264 1337 2311 spem
1374 2245 1519 2309 plane
1566 2260 1688 2293 con-

303 2315 572 2365 clamatam
612 2314 1078 2390 irreparabilemque
1116 2314 1303 2362 ruinam
1341 2324 1552 2360 norunt.
1591 2311 1687 2360 Ve-

302 2399 408 2438 rum
443 2383 601 2433 ambae
653 2382 907 2432 animabus
945 2383 994 2431 in
1032 2379 1324 2448 Purgatorio
1370 2377 1684 2494 gemgntibus

1515 2460 1618 2494 eni-
