1781 2889
207 166 718 229 EPISTOLARUM.
753 166 856 217 Lib.
893 167 961 217 11.
998 167 1085 231 Ep.
1113 168 1206 216 IX.
1274 181 1373 235 209

387 266 940 316 EPISiTOLA
1005 267 1128 317 IX.

462 367 512 415 P.
549 363 735 412 Simoni
775 360 1060 413 Roderico.

64 452 218 501 ,Socios
249 453 365 512 petit
401 451 584 496 virtute
622 461 664 496 et
701 449 915 495 doctrina
951 459 1250 510 praestantes.

317 544 492 595 Gratia
529 547 584 598 δε
623 545 850 595 Charitas
888 546 952 593 D.
990 546 1057 593 N.
1092 544 1197 596 &a

79 697 120 731 1.
288 695 416 727 uaeso
452 690 503 726 te
540 689 689 741 atque
715 677 918 726 obsecro
954 691 1040 738 per
1059 674 1245 724 viscera
1278 671 1438 737 JESU

160 681 531 826 QCliristi,
569 756 623 792 ut
661 745 753 793 huc
772 741 1026 790 submittas
1058 739 1440 805 quamplurimos

327 814 352 859 e
392 811 680 858 societate:
721 824 889 858 omnes
926 820 1119 865 autem,
1167 807 1270 853 sive
1306 806 1443 852 Con·

78 876 391 933 donatores,
444 875 544 923 sive
599 874 719 921 alios
774 873 999 936 spectata
1049 871 1233 920 virtute
1280 868 1438 917 viros,

75 941 317 991 Peccandi
357 940 488 989 enirn
524 938 767 987 illecebra?
804 940 932 986 hisce
968 937 1087 985 locis
1122 952 1172 985 se
1224 934 1440 982 offerunt

80 1007 296 1070 plurimae
319 1044 329 1055 .
398 1009 571 1070 Itaque
619 1019 674 1053 ut
737 1005 1008 1053 litterarum
1073 1000 1275 1050 scientia
1339 1015 1439 1046 non

83 1073 365 1127 excellant,
404 1087 492 1119 oro
531 1085 578 1119 te
615 1070 764 1119 etiam
785 1083 933 1133 atque
970 1069 1146 1127 etiam,
1184 1079 1237 1115 ut
1274 1064 1438 1114 excel-

75 1138 185 1186 lant
221 1138 390 1200 utique
427 1138 643 1186 virtute:
699 1135 930 1198 quoniam
968 1134 1038 1182 his
1090 1132 1284 1197 quidem
1319 1130 1440 1179 locis

75 1204 226 1253 virtus
264 1206 417 1265 magis
487 1205 630 1265 quam
665 1201 888 1250 doctrina
925 1212 1207 1262 spectatur:
1264 1211 1436 1260 quam-

79 1285 223 1331 quam
261 1268 478 1330 probitas
533 1266 709 1314 litteris
759 1279 934 1315 ornata
987 1264 1175 1312 scilicet
1227 1261 1441 1325 palmam

77 1334 231 1382 ferat.
270 1334 464 1382 Etenim
524 1332 671 1380 Indiae
710 1347 841 1380 arces
877 1347 934 1378 ac
988 1329 1207 1393 praesidia.
1253 1327 1440 1376 Lusita-

78 1417 252 1448 norum
275 1399 402 1446 viros
439 1399 614 1446 doctos
651 1396 802 1446 ferme
837 1397 1110 1458 requirunt.
1148 1396 1254 1442 Nos
1275 1405 1442 1440 autem

82 1467 209 1529 Regi
246 1464 536 1522 Lusitaniae,
575 1476 789 1525 patrono
827 1464 1045 1525 optimO,
1083 1461 1139 1513 <Sc
1175 1458 1439 1518 Lusitanis,

82 1530 248 1598 quisin
297 1531 434 1578 India
479 1542 762 1588 versantur,
817 1529 1075 1590 plurimuin
1111 1543 1199 1589 pro
1254 1540 1440 1573 summa

78 1595 274 1644 illorum
316 1611 430 1660 erga
486 1609 572 1641 nos
628 1595 981 1642 benevolentia
1028 1609 1085 1639 ac
1138 1590 1440 1639 liberalitate

79 1662 341 1710 debemus.
379 1660 569 1729 Qiibus
591 1660 785 1722 quidem
824 1673 908 1707 aut
930 1658 1060 1706 nulla
1097 1658 1316 1714 ratione,
1355 1667 1440 1702 aut

82 1729 172 1775 hac
210 1728 306 1775 una
341 1727 549 1791 gratiam
568 1741 654 1786 pro
691 1725 840 1772 tantis
876 1740 1042 1772 eorum
1075 1722 1256 1771 meritis
1294 1718 1440 1768 refer-

79 1809 132 1841 re
169 1808 449 1849 nossumus,
485 1805 540 1839 ut
576 1790 807 1851 quoniam
845 1789 1005 1838 multis
1041 1788 1326 1854 magnisque
1358 1801 1440 1833 ne-

78 1858 229 1923 gotiis
265 1870 374 1905 sunt
409 1855 671 1918 implicati,
710 1871 878 1904 eorum
915 1856 1102 1904 animos
1139 1868 1287 1917 atque
1323 1867 1441 1899 con-

80 1923 310 1972 scientias
347 1921 690 1984 expediamus,
727 1934 782 1969 ut
817 1921 1113 1984 explicatam
1151 1917 1440 1968 habeant&

77 1988 388 2051 exploratam
424 1988 668 2035 rationem
705 1985 873 2035 salutis
909 2004 1002 2034 suae
1025 2024 1035 2034 .
1081 1987 1297 2034 Christus
1338 1985 1442 2030 Do-

79 2055 236 2102 minus
272 2066 439 2102 noster
475 2069 562 2113 pro
599 2067 682 2099 sua
728 2052 1033 2118 benignitate
1070 2068 1127 2099 ac
1174 2049 1441 2099 misericor-

82 2119 160 2166 dia
200 2119 412 2178 multos,
451 2121 634 2181 eosque
671 2117 827 2166 bonos
863 2118 1141 2179 operarios,
1195 2115 1445 2164 conducat

80 2183 130 2230 in
166 2185 360 2232 vineam
397 2200 553 2241 suain,
594 2184 808 2245 nosque,
863 2184 1154 2247 ubicumque
1191 2182 1233 2231 ei
1287 2180 1445 2229 visum

83 2249 200 2306 erit,
239 2251 275 2296 si
311 2252 464 2298 minus
502 2249 548 2296 in
586 2248 748 2299 terris,
805 2249 850 2294 in
889 2250 1018 2296 coelo
1067 2248 1260 2312 quidem
1310 2249 1444 2295 certe

85 2314 387 2381 conjungat.
421 2317 610 2365 Amen.
657 2331 702 2361 x.
740 2314 942 2363 Kalend.
976 2314 1156 2378 Julias.
1205 2312 1446 2362 Malacae.

90 2380 213 2430 Tum.
247 2387 289 2431 1.
721 2380 769 2428 O
1258 2379 1385 2429 EPI-
