1781 2889
218 197 710 254 EPISTOLARUM
730 198 858 250 .Lih.
879 204 946 251 ΙΙ.
965 202 1050 267 Ep.
1083 204 1228 253 XXI.
1266 220 1270 225 ·
1295 219 1390 272 307

81 303 310 353 videtur:
365 315 488 362 saepe
524 300 654 349 enim
708 303 994 362 usuvenit,
1047 316 1102 352 ut
1137 318 1253 351 saxa
1305 301 1448 367 ignea

87 378 380 432 erumpant,
417 366 735 414 maximarum
772 368 922 415 instar
956 369 1210 429 arborum,
1247 368 1328 415 ubi
1362 383 1445 414 au·

81 449 184 485 tem
225 445 399 482 ventus
436 432 605 481 existit
627 434 995 492 vehementior,
1031 437 1057 484 ὲ
1085 434 1306 483 cavernis
1342 447 1450 481 tan·

83 514 135 549 ta
173 499 242 547 vis
279 494 449 545 cineris
487 497 784 558 effunditur,
821 513 875 546 ut
909 501 996 548 viri
1031 515 1088 547 ac
1124 500 1346 547 mulieres
1382 499 1451 545 la-

78 567 314 618 borantes
352 563 399 609 in
454 565 635 625 campi-s
673 564 868 611 domum
921 579 1233 614 revertantur
1286 565 1449 613 cinere

79 630 305 694 oppleti,
356 627 522 688 adeo,
576 641 631 676 ut
669 630 746 676 vix
785 646 951 678 eorum
989 630 1150 691 oculi,
1199 645 1317 690 ora,
1366 645 1450 675 na-

84 713 159 751 res
209 707 510 757 appareant:
585 697 848 743 Daemones
899 699 1050 761 magis
1119 697 1286 744 credas
1347 708 1450 745 esse

78 765 226 825 quam
263 759 518 807 homines·
569 762 689 808 Haec
726 776 820 826 ego
873 778 933 810 ex
970 762 1210 826 indigenis
1264 764 1450 824 cOgno-

80 827 164 883 vi,
214 828 313 888 ipse
351 840 450 872 non
487 823 617 872 vidi:
675 827 900 890 quamdiu
938 829 1066 876 enim
1101 827 1164 875 ibi
1228 839 1450 874 versatus

76 908 209 951 sum,
248 904 506 939 ventorum
543 889 752 952 impetus
788 892 943 940 nullus
979 893 1096 942 fuit.
1135 891 1260 940 Illud
1296 891 1450 941 etiam

72 974 133 1011 ex
173 956 353 1006 eisdem
391 955 645 1016 comperi,
701 955 963 1005 illiusmodi
1001 956 1159 1007 ventis
1196 957 1445 1018 perflanti-

79 1024 198 1081 bus,
238 1035 428 1070 tantam
465 1020 660 1082 copiam
695 1021 852 1070 efferri
889 1025 1095 1083 cineris,
1131 1034 1184 1070 ut
1221 1020 1441 1083 complu-

80 1105 156 1143 res
193 1104 332 1151 apros
371 1099 643 1157 extaecatos
678 1087 958 1157 opprimat,
994 1089 1102 1154 qui,
1151 1085 1228 1135 ubi
1264 1086 1446 1134 remisit

80 1167 289 1209 ventus,
326 1168 499 1214 passim
535 1165 840 1213 reperiuntur
874 1157 1087 1203 mortui.

139 1221 188 1269 6.
225 1219 406 1268 Eadem
455 1232 649 1280 quoque
697 1230 994 1279 tempestate
1032 1217 1318 1283 perhibent,
1372 1214 1445 1262 in-

68 1284 227 1332 veniri
263 1283 494 1345 plurimos
529 1283 682 1344 pisces
706 1285 950 1333 extinctos
988 1285 1036 1331 in
1073 1284 1276 1340 littore,
1323 1295 1447 1344 quos

70 1347 308 1397 videlicet
344 1349 516 1397 eadem
553 1349 849 1409 oppresserit
906 1351 1084 1412 pestis.
1138 1350 1444 1412 Argumento

73 1429 211 1475 esse,
260 1414 390 1478 quod
425 1413 612 1476 pisces,
668 1413 748 1476 qui
785 1413 948 1462 cinere
986 1429 1226 1476 aspersam
1263 1410 1443 1460 hausis-

70 1492 180 1528 sent
232 1494 439 1543 aquam,
493 1477 646 1542 vulgo
701 1477 982 1528 interirent.
1035 1476 1441 1528 Percontantibus

64 1542 335 1611 indigenis,
374 1542 488 1608 quid
524 1543 725 1590 tandem
748 1544 866 1591 illud
899 1546 986 1592 sibi
1022 1544 1203 1603 vellet3
1243 1541 1431 1590 Infero-

65 1625 172 1657 rum
209 1611 370 1658 sedern
427 1623 527 1657 esse
564 1609 827 1668 respondi,
876 1614 973 1670 quo
1033 1610 1439 1663 detruderentur,

63 1676 364 1740 quicumque
402 1672 623 1720 colerent
662 1673 830 1720 Idola.
868 1676 1025 1722 Terrae
1063 1687 1225 1721 motus
1265 1672 1436 1736 quanti

63 1741 192 1800 sint,
248 1739 327 1788 vel
365 1739 477 1785 hinc
529 1735 737 1801 intelligi
787 1751 985 1800 potest,
1034 1739 1164 1806 quod
1214 1737 1291 1786 die
1349 1739 1439 1785 Ar-

64 1805 307 1870 changelo
332 1802 566 1852 Michaeli
604 1817 772 1861 sacro,
809 1805 916 1851 cum
939 1804 985 1850 in
1021 1804 1209 1866 templo
1247 1818 1436 1850 sacrum

59 1869 309 1929 facerem,
367 1884 517 1933 usque
569 1870 631 1915 eo
678 1879 805 1915 terra
840 1870 1168 1929 contremuit,
1223 1881 1279 1917 ut
1332 1882 1437 1929 per-

61 1937 406 1994 timescerem,
446 1949 506 1981 ne
543 1932 643 1992 ipsa
680 1948 984 1983 everteretur
1032 1937 1157 1983 Ara.
1210 1935 1432 1998 Fortasse

67 2004 116 2051 S.
157 1999 375 2050 M³chael
397 2010 601 2046 cunctos
640 1996 762 2045 illius
798 2000 1002 2065 regionis
1035 2000 1435 2059 cacodaemones,

66 2066 238 2119 divino
276 2064 427 2116 cultui
463 2064 811 2124 adversantes,
849 2065 1031 2124 caelesti
1068 2066 1116 2117 vi
1152 2064 1278 2115 male
1315 2061 1437 2112 rnul-

64 2144 231 2182 ctatos
269 2129 472 2196 fugabat
506 2128 553 2174 in
589 2141 827 2181 tartarum
851 2166 863 2178 .

132 2214 177 2261 7.
215 2196 453 2244 Omnibus
491 2192 875 2243 Christianorum
931 2195 1064 2260 pagis
1099 2192 1434 2258 perlustratis,

62 2262 252 2313 reverti
295 2259 576 2317 Molucum,
614 2258 693 2306 ubi
729 2273 823 2308 tres
860 2260 978 2309 item
1016 2276 1200 2309 menses
1255 2258 1434 2310 contri-

63 2328 116 2380 vi
137 2360 152 2390 ,
187 2326 357 2377 diebus
392 2323 526 2375 festis
563 2322 943 2438 binasxlliabendo
980 2325 1274 2387 concioneS,
1309 2324 1435 2373 alte-

777 2407 807 2442 ὃ
1263 2404 1369 2440 tam
