<?xml version="1.0" encoding="UTF-8"?>
<!DOCTYPE html PUBLIC "-//W3C//DTD XHTML 1.0 Transitional//EN"
    "http://www.w3.org/TR/xhtml1/DTD/xhtml1-transitional.dtd">
<html xmlns="http://www.w3.org/1999/xhtml" xml:lang="en" lang="en">
 <head>
  <title>
</title>
<meta http-equiv="Content-Type" content="text/html;charset=utf-8" />
  <meta name='ocr-system' content='tesseract 3.04.00' />
  <meta name='ocr-capabilities' content='ocr_page ocr_carea ocr_par ocr_line ocrx_word'/>
</head>
<body>
  <div class='ocr_page' id='page_1' title='image "./sfranciscixaveri01fran_0172.png"; bbox 0 0 1781 2889; ppageno 0'>
   <div class='ocr_carea' id='block_1_1' title="bbox 406 181 1479 245">
    <p class='ocr_par' dir='ltr' id='par_1_1' title="bbox 406 181 1479 245">
     <span class='ocr_line' id='line_1_1' title="bbox 406 181 1479 245; baseline -0.004 -9"><span class='ocrx_word' id='word_1_1' title='bbox 406 185 469 245; x_wconf 53' lang='lat'>³6</span> <span class='ocrx_word' id='word_1_2' title='bbox 639 184 687 237; x_wconf 76' lang='grc'>5.</span> <span class='ocrx_word' id='word_1_3' title='bbox 720 182 1093 241; x_wconf 68' lang='grc' dir='ltr'>ἙΚΑΝΟΙΒΕΙ</span> <span class='ocrx_word' id='word_1_4' title='bbox 1128 181 1424 236; x_wconf 84' lang='lat' dir='ltr'>XAVERII</span> <span class='ocrx_word' id='word_1_5' title='bbox 1476 209 1479 219; x_wconf 50' lang='grc' dir='ltr'>ι</span> 
     </span>
    </p>
   </div>
   <div class='ocr_carea' id='block_1_2' title="bbox 267 275 1753 2332">
    <p class='ocr_par' dir='ltr' id='par_1_2' title="bbox 267 275 1753 2332">
     <span class='ocr_line' id='line_1_2' title="bbox 333 275 1720 349; baseline -0.001 -19"><span class='ocrx_word' id='word_1_6' title='bbox 333 291 508 335; x_wconf 73' lang='lat' dir='ltr'>nostro</span> <span class='ocrx_word' id='word_1_7' title='bbox 543 278 696 334; x_wconf 85' lang='lat' dir='ltr'>tribus</span> <span class='ocrx_word' id='word_1_8' title='bbox 730 293 817 334; x_wconf 84' lang='lat' dir='ltr'>aut</span> <span class='ocrx_word' id='word_1_9' title='bbox 851 277 1064 349; x_wconf 68' lang='lat' dir='ltr'>quafuor</span> <span class='ocrx_word' id='word_1_10' title='bbox 1100 279 1292 342; x_wconf 76' lang='lat' dir='ltr'>diebu5‚</span> <span class='ocrx_word' id='word_1_11' title='bbox 1328 275 1588 333; x_wconf 79' lang='lat' dir='ltr'>accersivit</span> <span class='ocrx_word' id='word_1_12' title='bbox 1610 279 1720 335; x_wconf 75' lang='lat' dir='ltr'>Nos</span> 
     </span>
     <span class='ocr_line' id='line_1_3' title="bbox 331 343 1722 411; baseline -0.001 -17"><span class='ocrx_word' id='word_1_13' title='bbox 331 347 480 409; x_wconf 80' lang='lat' dir='ltr'>Rex,</span> <span class='ocrx_word' id='word_1_14' title='bbox 534 346 592 404; x_wconf 84' lang='lat'>&amp;</span> <span class='ocrx_word' id='word_1_15' title='bbox 643 346 984 411; x_wconf 64' lang='lat' dir='ltr'>benignissime</span> <span class='ocrx_word' id='word_1_16' title='bbox 1039 346 1269 410; x_wconf 77' lang='lat' dir='ltr'>excepit,</span> <span class='ocrx_word' id='word_1_17' title='bbox 1319 348 1440 398; x_wconf 85' lang='lat' dir='ltr'><strong>Erat</strong></span> <span class='ocrx_word' id='word_1_18' title='bbox 1491 343 1620 394; x_wconf 90' lang='lat' dir='ltr'>solus</span> <span class='ocrx_word' id='word_1_19' title='bbox 1671 344 1722 407; x_wconf 82' lang='lat' dir='ltr'>in</span> 
     </span>
     <span class='ocr_line' id='line_1_4' title="bbox 330 411 1720 479; baseline -0.003 -14"><span class='ocrx_word' id='word_1_20' title='bbox 330 411 562 465; x_wconf 82' lang='lat' dir='ltr'>cubiculo</span> <span class='ocrx_word' id='word_1_21' title='bbox 599 428 709 464; x_wconf 87' lang='lat' dir='ltr'>cum</span> <span class='ocrx_word' id='word_1_22' title='bbox 747 412 976 479; x_wconf 78' lang='lat' dir='ltr'>Regina:</span> <span class='ocrx_word' id='word_1_23' title='bbox 1017 413 1097 464; x_wconf 86' lang='lat' dir='ltr'>nbi</span> <span class='ocrx_word' id='word_1_24' title='bbox 1133 429 1243 467; x_wconf 85' lang='lat' dir='ltr'>cum</span> <span class='ocrx_word' id='word_1_25' title='bbox 1280 412 1372 461; x_wconf 89' lang='lat' dir='ltr'>illis</span> <span class='ocrx_word' id='word_1_26' title='bbox 1408 425 1495 476; x_wconf 88' lang='lat' dir='ltr'>per</span> <span class='ocrx_word' id='word_1_27' title='bbox 1513 411 1720 474; x_wconf 83' lang='lat' dir='ltr'>horam,</span> 
     </span>
     <span class='ocr_line' id='line_1_5' title="bbox 328 476 1721 545; baseline 0 -16"><span class='ocrx_word' id='word_1_28' title='bbox 328 478 390 536; x_wconf 66' lang='grc' dir='ltr'>ὃς</span> <span class='ocrx_word' id='word_1_29' title='bbox 437 478 698 543; x_wconf 82' lang='lat' dir='ltr'>aliquanto</span> <span class='ocrx_word' id='word_1_30' title='bbox 743 478 978 539; x_wconf 66' lang='lat' dir='ltr'>amplum,</span> <span class='ocrx_word' id='word_1_31' title='bbox 1029 477 1237 533; x_wconf 78' lang='lat' dir='ltr'>fuimuS.</span> <span class='ocrx_word' id='word_1_32' title='bbox 1289 476 1606 545; x_wconf 85' lang='lat' dir='ltr'>Qaesierunt</span> <span class='ocrx_word' id='word_1_33' title='bbox 1657 477 1721 530; x_wconf 67' lang='lat' dir='ltr'>eit</span> 
     </span>
     <span class='ocr_line' id='line_1_6' title="bbox 324 541 1724 611; baseline -0.002 -14"><span class='ocrx_word' id='word_1_34' title='bbox 324 543 471 597; x_wconf 80' lang='lat' dir='ltr'>nobis</span> <span class='ocrx_word' id='word_1_35' title='bbox 507 542 660 596; x_wconf 77' lang='lat' dir='ltr'>multa</span> <span class='ocrx_word' id='word_1_36' title='bbox 694 541 983 611; x_wconf 70' lang='lat' dir='ltr'>singillatim</span> <span class='ocrx_word' id='word_1_37' title='bbox 1019 544 1080 599; x_wconf 83' lang='lat' dir='ltr'>de</span> <span class='ocrx_word' id='word_1_38' title='bbox 1114 545 1281 595; x_wconf 67' lang='lat' dir='ltr'>nostra</span> <span class='ocrx_word' id='word_1_39' title='bbox 1318 543 1515 602; x_wconf 74' lang='lat' dir='ltr'>vivendi</span> <span class='ocrx_word' id='word_1_40' title='bbox 1569 542 1724 595; x_wconf 86' lang='lat' dir='ltr'>ratio-</span> 
     </span>
     <span class='ocr_line' id='line_1_7' title="bbox 329 609 1724 678; baseline 0.007 -23"><span class='ocrx_word' id='word_1_41' title='bbox 329 624 426 672; x_wconf 77' lang='lat' dir='ltr'>ne,</span> <span class='ocrx_word' id='word_1_42' title='bbox 499 624 624 674; x_wconf 86' lang='lat' dir='ltr'>eque</span> <span class='ocrx_word' id='word_1_43' title='bbox 660 624 775 663; x_wconf 87' lang='lat' dir='ltr'>casu</span> <span class='ocrx_word' id='word_1_44' title='bbox 811 625 870 661; x_wconf 85' lang='lat' dir='ltr'>ac</span> <span class='ocrx_word' id='word_1_45' title='bbox 905 609 1056 658; x_wconf 89' lang='lat' dir='ltr'>modo</span> <span class='ocrx_word' id='word_1_46' title='bbox 1093 625 1196 675; x_wconf 91' lang='lat' dir='ltr'>quo</span> <span class='ocrx_word' id='word_1_47' title='bbox 1239 626 1542 678; x_wconf 84' lang='lat' dir='ltr'>cognoscere</span> <span class='ocrx_word' id='word_1_48' title='bbox 1590 611 1724 665; x_wconf 76' lang='lat' dir='ltr'>inter</span> 
     </span>
     <span class='ocr_line' id='line_1_8' title="bbox 325 674 1753 745; baseline 0.002 -18"><span class='ocrx_word' id='word_1_49' title='bbox 325 687 447 737; x_wconf 63' lang='lat' dir='ltr'>nos&gt;</span> <span class='ocrx_word' id='word_1_50' title='bbox 486 675 544 735; x_wconf 70' lang='grc' dir='ltr'>ὃς</span> <span class='ocrx_word' id='word_1_51' title='bbox 579 674 713 730; x_wconf 85' lang='lat' dir='ltr'>coire</span> <span class='ocrx_word' id='word_1_52' title='bbox 758 674 807 731; x_wconf 87' lang='lat' dir='ltr'>in</span> <span class='ocrx_word' id='word_1_53' title='bbox 845 675 1155 733; x_wconf 77' lang='lat' dir='ltr'>Societatem</span> <span class='ocrx_word' id='word_1_54' title='bbox 1193 678 1442 745; x_wconf 83' lang='lat' dir='ltr'>contigit.-</span> <span class='ocrx_word' id='word_1_55' title='bbox 1476 689 1580 726; x_wconf 89' lang='lat' dir='ltr'>tum</span> <span class='ocrx_word' id='word_1_56' title='bbox 1617 681 1720 743; x_wconf 76' lang='lat' dir='ltr'>quo</span> <span class='ocrx_word' id='word_1_57' title='bbox 1751 718 1753 720; x_wconf 84' lang='grc'>-</span> 
     </span>
     <span class='ocr_line' id='line_1_9' title="bbox 323 741 1718 807; baseline 0.002 -18"><span class='ocrx_word' id='word_1_58' title='bbox 323 752 610 807; x_wconf 69' lang='lat' dir='ltr'>spectarent</span> <span class='ocrx_word' id='word_1_59' title='bbox 643 753 811 798; x_wconf 76' lang='lat' dir='ltr'>nostra</span> <span class='ocrx_word' id='word_1_60' title='bbox 863 741 1070 798; x_wconf 81' lang='lat' dir='ltr'>consilia</span> <span class='ocrx_word' id='word_1_61' title='bbox 1125 741 1276 804; x_wconf 82' lang='lat' dir='ltr'>prima</span> <span class='ocrx_word' id='word_1_62' title='bbox 1299 759 1310 790; x_wconf 91' lang='lat'>:</span> <span class='ocrx_word' id='word_1_63' title='bbox 1335 744 1338 748; x_wconf 83' lang='lat'>&#39;</span> <span class='ocrx_word' id='word_1_64' title='bbox 1365 746 1617 806; x_wconf 82' lang='lat' dir='ltr'>postremo</span> <span class='ocrx_word' id='word_1_65' title='bbox 1655 743 1718 794; x_wconf 90' lang='lat' dir='ltr'>de</span> 
     </span>
     <span class='ocr_line' id='line_1_10' title="bbox 318 807 1720 876; baseline 0.001 -18"><span class='ocrx_word' id='word_1_66' title='bbox 318 807 744 876; x_wconf 75' lang='lat' dir='ltr'>persecutionibus</span> <span class='ocrx_word' id='word_1_67' title='bbox 780 824 897 874; x_wconf 90' lang='lat' dir='ltr'>quas</span> <span class='ocrx_word' id='word_1_68' title='bbox 933 808 1058 874; x_wconf 88' lang='lat' dir='ltr'>passi</span> <span class='ocrx_word' id='word_1_69' title='bbox 1093 810 1269 865; x_wconf 81' lang='lat' dir='ltr'>Romae</span> <span class='ocrx_word' id='word_1_70' title='bbox 1306 823 1466 864; x_wconf 83' lang='lat' dir='ltr'>sumus</span> <span class='ocrx_word' id='word_1_71' title='bbox 1491 811 1581 865; x_wconf 88' lang='lat' dir='ltr'>.In</span> <span class='ocrx_word' id='word_1_72' title='bbox 1618 825 1720 874; x_wconf 89' lang='lat' dir='ltr'>quo</span> 
     </span>
     <span class='ocr_line' id='line_1_11' title="bbox 323 872 1718 940; baseline -0.001 -15"><span class='ocrx_word' id='word_1_73' title='bbox 323 872 467 930; x_wconf 80' lang='lat' dir='ltr'>valde</span> <span class='ocrx_word' id='word_1_74' title='bbox 503 872 614 930; x_wconf 84' lang='lat' dir='ltr'>illos</span> <span class='ocrx_word' id='word_1_75' title='bbox 649 873 1066 927; x_wconf 58' lang='lat' dir='ltr'>delectavit‘cum</span> <span class='ocrx_word' id='word_1_76' title='bbox 1103 887 1385 930; x_wconf 85' lang='lat' dir='ltr'>narraretur</span> <span class='ocrx_word' id='word_1_77' title='bbox 1420 874 1596 925; x_wconf 89' lang='lat' dir='ltr'>modus</span> <span class='ocrx_word' id='word_1_78' title='bbox 1616 891 1718 940; x_wconf 93' lang='lat' dir='ltr'>quo</span> 
     </span>
     <span class='ocr_line' id='line_1_12' title="bbox 322 939 1719 1011; baseline 0.002 -20"><span class='ocrx_word' id='word_1_79' title='bbox 322 939 529 996; x_wconf 78' lang='lat' dir='ltr'>detecta</span> <span class='ocrx_word' id='word_1_80' title='bbox 564 940 764 992; x_wconf 86' lang='lat' dir='ltr'>tandem</span> <span class='ocrx_word' id='word_1_81' title='bbox 800 954 875 991; x_wconf 87' lang='lat' dir='ltr'>est</span> <span class='ocrx_word' id='word_1_82' title='bbox 910 941 1092 1000; x_wconf 68' lang='lat' dir='ltr'>veritas</span> <span class='ocrx_word' id='word_1_83' title='bbox 1116 978 1128 992; x_wconf 80' lang='grc'>,</span> <span class='ocrx_word' id='word_1_84' title='bbox 1149 941 1548 1011; x_wconf 84' lang='lat' dir='ltr'>Laudabantque</span> <span class='ocrx_word' id='word_1_85' title='bbox 1584 941 1719 1006; x_wconf 81' lang='lat' dir='ltr'>quod</span> 
     </span>
     <span class='ocr_line' id='line_1_13' title="bbox 318 1006 1718 1072; baseline -0.001 -13"><span class='ocrx_word' id='word_1_86' title='bbox 318 1019 613 1063; x_wconf 70' lang='lat' dir='ltr'>constanter</span> <span class='ocrx_word' id='word_1_87' title='bbox 647 1022 707 1056; x_wconf 90' lang='lat' dir='ltr'>ac</span> <span class='ocrx_word' id='word_1_88' title='bbox 744 1006 944 1065; x_wconf 76' lang='lat' dir='ltr'>fortiter</span> <span class='ocrx_word' id='word_1_89' title='bbox 977 1008 1387 1072; x_wconf 84' lang='lat' dir='ltr'>promovissemus</span> <span class='ocrx_word' id='word_1_90' title='bbox 1425 1022 1527 1063; x_wconf 88' lang='lat' dir='ltr'>rem</span> <span class='ocrx_word' id='word_1_91' title='bbox 1563 1022 1718 1071; x_wconf 84' lang='lat' dir='ltr'>usque</span> 
     </span>
     <span class='ocr_line' id='line_1_14' title="bbox 317 1072 1721 1140; baseline -0.002 -14"><span class='ocrx_word' id='word_1_92' title='bbox 317 1073 383 1126; x_wconf 72' lang='lat' dir='ltr'>ad</span> <span class='ocrx_word' id='word_1_93' title='bbox 434 1086 709 1130; x_wconf 80' lang='lat' dir='ltr'>extremum</span> <span class='ocrx_word' id='word_1_94' title='bbox 759 1073 944 1140; x_wconf 85' lang='lat' dir='ltr'>Judicii</span> <span class='ocrx_word' id='word_1_95' title='bbox 995 1074 1233 1130; x_wconf 88' lang='lat' dir='ltr'>exitum:</span> <span class='ocrx_word' id='word_1_96' title='bbox 1287 1091 1347 1123; x_wconf 92' lang='lat' dir='ltr'>ac</span> <span class='ocrx_word' id='word_1_97' title='bbox 1408 1072 1721 1140; x_wconf 80' lang='lat' dir='ltr'>significabat</span> 
     </span>
     <span class='ocr_line' id='line_1_15' title="bbox 316 1139 1716 1205; baseline 0 -17"><span class='ocrx_word' id='word_1_98' title='bbox 316 1139 458 1200; x_wconf 76' lang='lat' dir='ltr'>Rex,</span> <span class='ocrx_word' id='word_1_99' title='bbox 511 1156 690 1205; x_wconf 87' lang='lat' dir='ltr'>cupere</span> <span class='ocrx_word' id='word_1_100' title='bbox 745 1156 796 1195; x_wconf 85' lang='lat' dir='ltr'>se</span> <span class='ocrx_word' id='word_1_101' title='bbox 849 1140 1015 1195; x_wconf 89' lang='lat' dir='ltr'>videre</span> <span class='ocrx_word' id='word_1_102' title='bbox 1070 1140 1372 1196; x_wconf 88' lang='lat' dir='ltr'>sententiam</span> <span class='ocrx_word' id='word_1_103' title='bbox 1422 1139 1519 1205; x_wconf 64' lang='lat' dir='ltr'>qua</span> <span class='ocrx_word' id='word_1_104' title='bbox 1554 1153 1716 1191; x_wconf 86' lang='lat' dir='ltr'>sumus</span> 
     </span>
     <span class='ocr_line' id='line_1_16' title="bbox 314 1205 1717 1284; baseline 0.001 -32"><span class='ocrx_word' id='word_1_105' title='bbox 314 1205 560 1261; x_wconf 73' lang='lat' dir='ltr'>absoluti,</span> <span class='ocrx_word' id='word_1_106' title='bbox 596 1205 884 1256; x_wconf 88' lang='lat' dir='ltr'>Communis</span> <span class='ocrx_word' id='word_1_107' title='bbox 919 1206 996 1255; x_wconf 88' lang='lat' dir='ltr'>hic</span> <span class='ocrx_word' id='word_1_108' title='bbox 1032 1223 1149 1256; x_wconf 85' lang='lat' dir='ltr'>sane</span> <span class='ocrx_word' id='word_1_109' title='bbox 1169 1222 1334 1261; x_wconf 86' lang='lat' dir='ltr'>sensus</span> <span class='ocrx_word' id='word_1_110' title='bbox 1368 1218 1442 1284; x_wconf 49' lang='lat' dir='ltr'>es‘t</span> <span class='ocrx_word' id='word_1_111' title='bbox 1461 1205 1680 1259; x_wconf 86' lang='lat' dir='ltr'>omnium</span> <span class='ocrx_word' id='word_1_112' title='bbox 1702 1238 1717 1267; x_wconf 88' lang='lat'>‚</span> 
     </span>
     <span class='ocr_line' id='line_1_17' title="bbox 312 1269 1711 1339; baseline 0.003 -19"><span class='ocrx_word' id='word_1_113' title='bbox 312 1270 394 1339; x_wconf 75' lang='lat' dir='ltr'>pie</span> <span class='ocrx_word' id='word_1_114' title='bbox 431 1287 490 1323; x_wconf 89' lang='lat' dir='ltr'>ac</span> <span class='ocrx_word' id='word_1_115' title='bbox 544 1272 812 1334; x_wconf 83' lang='lat' dir='ltr'>prudenter</span> <span class='ocrx_word' id='word_1_116' title='bbox 866 1269 1052 1326; x_wconf 83' lang='lat' dir='ltr'>factum</span> <span class='ocrx_word' id='word_1_117' title='bbox 1087 1277 1116 1322; x_wconf 74' lang='lat' dir='ltr'>ii</span> <span class='ocrx_word' id='word_1_118' title='bbox 1169 1273 1339 1333; x_wconf 79' lang='lat' dir='ltr'>nobi5‚</span> <span class='ocrx_word' id='word_1_119' title='bbox 1394 1272 1526 1337; x_wconf 86' lang='lat' dir='ltr'>quod</span> <span class='ocrx_word' id='word_1_120' title='bbox 1572 1271 1711 1324; x_wconf 66' lang='lat' dir='ltr'>nulla</span> 
     </span>
     <span class='ocr_line' id='line_1_18' title="bbox 267 1336 1714 1405; baseline 0 -18"><span class='ocrx_word' id='word_1_121' title='bbox 267 1350 270 1353; x_wconf 75' lang='grc'>’</span> <span class='ocrx_word' id='word_1_122' title='bbox 312 1336 612 1393; x_wconf 80' lang='lat' dir='ltr'>conditione</span> <span class='ocrx_word' id='word_1_123' title='bbox 650 1338 889 1395; x_wconf 74' lang='lat' dir='ltr'>dimoveri</span> <span class='ocrx_word' id='word_1_124' title='bbox 928 1355 1019 1388; x_wconf 87' lang='lat' dir='ltr'>nos</span> <span class='ocrx_word' id='word_1_125' title='bbox 1050 1338 1174 1402; x_wconf 85' lang='lat' dir='ltr'>passi</span> <span class='ocrx_word' id='word_1_126' title='bbox 1196 1354 1356 1391; x_wconf 90' lang='lat' dir='ltr'>sumus</span> <span class='ocrx_word' id='word_1_127' title='bbox 1393 1338 1456 1386; x_wconf 91' lang='lat' dir='ltr'>ab</span> <span class='ocrx_word' id='word_1_128' title='bbox 1490 1338 1714 1405; x_wconf 86' lang='lat' dir='ltr'>urgendo</span> 
     </span>
     <span class='ocr_line' id='line_1_19' title="bbox 313 1403 1716 1473; baseline 0.002 -23"><span class='ocrx_word' id='word_1_129' title='bbox 313 1418 465 1473; x_wconf 80' lang='lat' dir='ltr'>usque</span> <span class='ocrx_word' id='word_1_130' title='bbox 502 1403 563 1457; x_wconf 84' lang='lat' dir='ltr'>ad</span> <span class='ocrx_word' id='word_1_131' title='bbox 601 1404 859 1459; x_wconf 76' lang='lat' dir='ltr'>sententia:</span> <span class='ocrx_word' id='word_1_132' title='bbox 894 1404 1078 1461; x_wconf 79' lang='lat' dir='ltr'>ultimae</span> <span class='ocrx_word' id='word_1_133' title='bbox 1116 1404 1452 1468; x_wconf 87' lang='lat' dir='ltr'>prolationem</span> <span class='ocrx_word' id='word_1_134' title='bbox 1471 1403 1570 1459; x_wconf 86' lang='lat' dir='ltr'>litis</span> <span class='ocrx_word' id='word_1_135' title='bbox 1607 1420 1716 1453; x_wconf 81' lang='lat' dir='ltr'>cur-</span> 
     </span>
     <span class='ocr_line' id='line_1_20' title="bbox 311 1469 1716 1536; baseline 0.001 -19"><span class='ocrx_word' id='word_1_136' title='bbox 311 1484 401 1523; x_wconf 57' lang='grc' dir='ltr'>ειη</span> <span class='ocrx_word' id='word_1_137' title='bbox 442 1469 717 1536; x_wconf 82' lang='lat' dir='ltr'>passimque</span> <span class='ocrx_word' id='word_1_138' title='bbox 754 1483 953 1525; x_wconf 85' lang='lat' dir='ltr'>tantum</span> <span class='ocrx_word' id='word_1_139' title='bbox 989 1471 1037 1525; x_wconf 74' lang='lat' dir='ltr'>id</span> <span class='ocrx_word' id='word_1_140' title='bbox 1075 1473 1459 1531; x_wconf 83' lang='lat' dir='ltr'>commendant,</span> <span class='ocrx_word' id='word_1_141' title='bbox 1510 1483 1564 1518; x_wconf 92' lang='lat' dir='ltr'>ut</span> <span class='ocrx_word' id='word_1_142' title='bbox 1613 1485 1716 1522; x_wconf 87' lang='lat' dir='ltr'>non</span> 
     </span>
     <span class='ocr_line' id='line_1_21' title="bbox 316 1534 1716 1602; baseline 0.002 -19"><span class='ocrx_word' id='word_1_143' title='bbox 316 1534 625 1588; x_wconf 84' lang='lat' dir='ltr'>dissimulent</span> <span class='ocrx_word' id='word_1_144' title='bbox 659 1535 744 1589; x_wconf 83' lang='lat' dir='ltr'>sibi</span> <span class='ocrx_word' id='word_1_145' title='bbox 781 1536 934 1586; x_wconf 83' lang='lat' dir='ltr'>videri</span> <span class='ocrx_word' id='word_1_146' title='bbox 971 1536 1102 1596; x_wconf 76' lang='lat' dir='ltr'>fore,</span> <span class='ocrx_word' id='word_1_147' title='bbox 1142 1550 1196 1586; x_wconf 91' lang='lat' dir='ltr'>ut</span> <span class='ocrx_word' id='word_1_148' title='bbox 1232 1537 1323 1592; x_wconf 86' lang='lat' dir='ltr'>nisi</span> <span class='ocrx_word' id='word_1_149' title='bbox 1361 1535 1428 1585; x_wconf 87' lang='lat' dir='ltr'>sic</span> <span class='ocrx_word' id='word_1_150' title='bbox 1450 1535 1716 1602; x_wconf 87' lang='lat' dir='ltr'>egissemus</span> 
     </span>
     <span class='ocr_line' id='line_1_22' title="bbox 317 1600 1715 1670; baseline -0.003 -17"><span class='ocrx_word' id='word_1_151' title='bbox 317 1602 734 1667; x_wconf 80' lang='lat' dir='ltr'>quemadmodum</span> <span class='ocrx_word' id='word_1_152' title='bbox 772 1604 987 1670; x_wconf 80' lang='lat' dir='ltr'>egimuS,</span> <span class='ocrx_word' id='word_1_153' title='bbox 1026 1619 1289 1668; x_wconf 81' lang='lat' dir='ltr'>numquam</span> <span class='ocrx_word' id='word_1_154' title='bbox 1341 1602 1542 1654; x_wconf 85' lang='lat' dir='ltr'>relaturi</span> <span class='ocrx_word' id='word_1_155' title='bbox 1595 1600 1715 1652; x_wconf 90' lang='lat' dir='ltr'>fuis-</span> 
     </span>
     <span class='ocr_line' id='line_1_23' title="bbox 315 1668 1709 1725; baseline 0 -8"><span class='ocrx_word' id='word_1_156' title='bbox 315 1682 477 1720; x_wconf 80' lang='lat' dir='ltr'>semus</span> <span class='ocrx_word' id='word_1_157' title='bbox 512 1684 572 1718; x_wconf 84' lang='lat' dir='ltr'>ex</span> <span class='ocrx_word' id='word_1_158' title='bbox 610 1669 784 1725; x_wconf 78' lang='lat' dir='ltr'>nostris</span> <span class='ocrx_word' id='word_1_159' title='bbox 821 1668 1099 1724; x_wconf 81' lang='lat' dir='ltr'>ministeriis</span> <span class='ocrx_word' id='word_1_160' title='bbox 1135 1669 1352 1721; x_wconf 85' lang='lat' dir='ltr'>fructum</span> <span class='ocrx_word' id='word_1_161' title='bbox 1388 1668 1572 1724; x_wconf 87' lang='lat' dir='ltr'>ullum.</span> <span class='ocrx_word' id='word_1_162' title='bbox 1605 1670 1709 1719; x_wconf 85' lang='lat' dir='ltr'>Ita-</span> 
     </span>
     <span class='ocr_line' id='line_1_24' title="bbox 313 1733 1713 1800; baseline -0.001 -16"><span class='ocrx_word' id='word_1_163' title='bbox 313 1750 412 1797; x_wconf 84' lang='lat' dir='ltr'>que</span> <span class='ocrx_word' id='word_1_164' title='bbox 451 1735 627 1795; x_wconf 84' lang='lat' dir='ltr'>finem,</span> <span class='ocrx_word' id='word_1_165' title='bbox 665 1748 720 1785; x_wconf 89' lang='lat' dir='ltr'>ut</span> <span class='ocrx_word' id='word_1_166' title='bbox 754 1734 888 1796; x_wconf 82' lang='lat' dir='ltr'>dixi,</span> <span class='ocrx_word' id='word_1_167' title='bbox 927 1751 1028 1793; x_wconf 85' lang='lat' dir='ltr'>non</span> <span class='ocrx_word' id='word_1_168' title='bbox 1064 1734 1255 1793; x_wconf 80' lang='lat' dir='ltr'>faciunt</span> <span class='ocrx_word' id='word_1_169' title='bbox 1289 1735 1604 1800; x_wconf 85' lang='lat' dir='ltr'>predicandae</span> <span class='ocrx_word' id='word_1_170' title='bbox 1656 1733 1713 1783; x_wconf 87' lang='lat' dir='ltr'>il-</span> 
     </span>
     <span class='ocr_line' id='line_1_25' title="bbox 311 1799 1710 1868; baseline -0.001 -17"><span class='ocrx_word' id='word_1_171' title='bbox 311 1799 401 1853; x_wconf 86' lang='lat' dir='ltr'>lius</span> <span class='ocrx_word' id='word_1_172' title='bbox 438 1815 615 1858; x_wconf 76' lang='lat' dir='ltr'>nostrae</span> <span class='ocrx_word' id='word_1_173' title='bbox 671 1801 998 1864; x_wconf 66' lang='lat' dir='ltr'>constantiae,</span> <span class='ocrx_word' id='word_1_174' title='bbox 1054 1819 1204 1868; x_wconf 89' lang='lat' dir='ltr'>usque</span> <span class='ocrx_word' id='word_1_175' title='bbox 1257 1803 1318 1851; x_wconf 91' lang='lat' dir='ltr'>ad</span> <span class='ocrx_word' id='word_1_176' title='bbox 1379 1801 1710 1862; x_wconf 88' lang='lat' dir='ltr'>sententiam,</span> 
     </span>
     <span class='ocr_line' id='line_1_26' title="bbox 311 1867 1710 1935; baseline 0.001 -20"><span class='ocrx_word' id='word_1_177' title='bbox 311 1883 419 1930; x_wconf 85' lang='lat' dir='ltr'>quae</span> <span class='ocrx_word' id='word_1_178' title='bbox 458 1868 720 1917; x_wconf 87' lang='lat' dir='ltr'>veritatem</span> <span class='ocrx_word' id='word_1_179' title='bbox 759 1867 975 1935; x_wconf 88' lang='lat' dir='ltr'>denique</span> <span class='ocrx_word' id='word_1_180' title='bbox 1011 1868 1244 1933; x_wconf 80' lang='lat' dir='ltr'>liquidam</span> <span class='ocrx_word' id='word_1_181' title='bbox 1266 1869 1583 1929; x_wconf 85' lang='lat' dir='ltr'>ostenderet,</span> <span class='ocrx_word' id='word_1_182' title='bbox 1620 1867 1710 1916; x_wconf 93' lang='lat' dir='ltr'>ob-</span> 
     </span>
     <span class='ocr_line' id='line_1_27' title="bbox 313 1934 1709 2006; baseline 0.001 -25"><span class='ocrx_word' id='word_1_183' title='bbox 313 1934 508 1987; x_wconf 68' lang='lat' dir='ltr'>firmate</span> <span class='ocrx_word' id='word_1_184' title='bbox 546 1934 800 1984; x_wconf 74' lang='lat' dir='ltr'>durantis,</span> <span class='ocrx_word' id='word_1_185' title='bbox 836 1935 908 1985; x_wconf 90' lang='lat' dir='ltr'>Ut</span> <span class='ocrx_word' id='word_1_186' title='bbox 943 1934 1005 1983; x_wconf 87' lang='lat' dir='ltr'>ad</span> <span class='ocrx_word' id='word_1_187' title='bbox 1042 1937 1234 2006; x_wconf 84' lang='lat' dir='ltr'>Regem</span> <span class='ocrx_word' id='word_1_188' title='bbox 1273 1937 1330 1994; x_wconf 72' lang='grc' dir='ltr'>ὃς</span> <span class='ocrx_word' id='word_1_189' title='bbox 1365 1935 1613 2002; x_wconf 86' lang='lat' dir='ltr'>Reginam</span> <span class='ocrx_word' id='word_1_190' title='bbox 1633 1950 1709 1983; x_wconf 91' lang='lat' dir='ltr'>re-</span> 
     </span>
     <span class='ocr_line' id='line_1_28' title="bbox 313 1998 1708 2068; baseline 0.002 -19"><span class='ocrx_word' id='word_1_191' title='bbox 313 2000 487 2061; x_wconf 78' lang='lat' dir='ltr'>deam,</span> <span class='ocrx_word' id='word_1_192' title='bbox 525 1999 713 2062; x_wconf 85' lang='lat' dir='ltr'>placuit</span> <span class='ocrx_word' id='word_1_193' title='bbox 749 2000 957 2052; x_wconf 87' lang='lat' dir='ltr'>multum</span> <span class='ocrx_word' id='word_1_194' title='bbox 996 2001 1107 2066; x_wconf 88' lang='lat' dir='ltr'>ipsis</span> <span class='ocrx_word' id='word_1_195' title='bbox 1143 2003 1275 2068; x_wconf 92' lang='lat' dir='ltr'>quod</span> <span class='ocrx_word' id='word_1_196' title='bbox 1295 2002 1558 2055; x_wconf 89' lang='lat' dir='ltr'>audierunt</span> <span class='ocrx_word' id='word_1_197' title='bbox 1575 1998 1708 2052; x_wconf 73' lang='lat' dir='ltr'>clare</span> 
     </span>
     <span class='ocr_line' id='line_1_29' title="bbox 311 2064 1708 2127; baseline -0.001 -12"><span class='ocrx_word' id='word_1_198' title='bbox 311 2066 374 2121; x_wconf 83' lang='lat' dir='ltr'>de</span> <span class='ocrx_word' id='word_1_199' title='bbox 410 2064 572 2121; x_wconf 65' lang='lat' dir='ltr'>forma</span> <span class='ocrx_word' id='word_1_200' title='bbox 606 2084 665 2119; x_wconf 86' lang='lat' dir='ltr'>ac</span> <span class='ocrx_word' id='word_1_201' title='bbox 701 2068 899 2117; x_wconf 86' lang='lat' dir='ltr'>ratione</span> <span class='ocrx_word' id='word_1_202' title='bbox 936 2080 1214 2123; x_wconf 81' lang='lat' dir='ltr'>nostrarum</span> <span class='ocrx_word' id='word_1_203' title='bbox 1253 2071 1531 2127; x_wconf 82' lang='lat' dir='ltr'>Domuum,</span> <span class='ocrx_word' id='word_1_204' title='bbox 1564 2065 1708 2115; x_wconf 85' lang='lat' dir='ltr'>min’r-</span> 
     </span>
     <span class='ocr_line' id='line_1_30' title="bbox 311 2132 1707 2199; baseline -0.001 -15"><span class='ocrx_word' id='word_1_205' title='bbox 311 2132 672 2199; x_wconf 81' lang='lat' dir='ltr'>steriorumquc</span> <span class='ocrx_word' id='word_1_206' title='bbox 709 2135 767 2187; x_wconf 84' lang='lat'>&amp;</span> <span class='ocrx_word' id='word_1_207' title='bbox 800 2133 954 2183; x_wconf 90' lang='lat' dir='ltr'>totius</span> <span class='ocrx_word' id='word_1_208' title='bbox 991 2136 1212 2189; x_wconf 74' lang='lat' dir='ltr'>instituti</span> <span class='ocrx_word' id='word_1_209' title='bbox 1259 2133 1468 2189; x_wconf 83' lang='lat' dir='ltr'>consilio</span> <span class='ocrx_word' id='word_1_210' title='bbox 1503 2148 1562 2184; x_wconf 85' lang='lat' dir='ltr'>ac</span> <span class='ocrx_word' id='word_1_211' title='bbox 1599 2149 1707 2182; x_wconf 88' lang='lat' dir='ltr'>sco-</span> 
     </span>
     <span class='ocr_line' id='line_1_31' title="bbox 309 2198 1706 2264; baseline 0 -16"><span class='ocrx_word' id='word_1_212' title='bbox 309 2216 411 2264; x_wconf 69' lang='lat' dir='ltr'>po,</span> <span class='ocrx_word' id='word_1_213' title='bbox 451 2201 587 2255; x_wconf 83' lang='lat' dir='ltr'>Inter</span> <span class='ocrx_word' id='word_1_214' title='bbox 641 2202 744 2256; x_wconf 80' lang='lat' dir='ltr'>haec</span> <span class='ocrx_word' id='word_1_215' title='bbox 803 2202 912 2257; x_wconf 86' lang='lat' dir='ltr'>Rex</span> <span class='ocrx_word' id='word_1_216' title='bbox 960 2202 1131 2252; x_wconf 89' lang='lat' dir='ltr'>vocari</span> <span class='ocrx_word' id='word_1_217' title='bbox 1185 2201 1321 2261; x_wconf 78' lang='lat' dir='ltr'>iussit</span> <span class='ocrx_word' id='word_1_218' title='bbox 1353 2198 1522 2249; x_wconf 88' lang='lat' dir='ltr'>Filiam</span> <span class='ocrx_word' id='word_1_219' title='bbox 1568 2215 1706 2253; x_wconf 86' lang='lat' dir='ltr'>suam</span> 
     </span>
     <span class='ocr_line' id='line_1_32' title="bbox 313 2264 1705 2332; baseline -0.001 -15"><span class='ocrx_word' id='word_1_220' title='bbox 313 2266 588 2321; x_wconf 82' lang='lat' dir='ltr'>Dominam</span> <span class='ocrx_word' id='word_1_221' title='bbox 628 2265 902 2327; x_wconf 80' lang='lat' dir='ltr'>Infantem,</span> <span class='ocrx_word' id='word_1_222' title='bbox 940 2267 996 2319; x_wconf 90' lang='lat'>&amp;</span> <span class='ocrx_word' id='word_1_223' title='bbox 1032 2285 1166 2319; x_wconf 89' lang='lat' dir='ltr'>suum</span> <span class='ocrx_word' id='word_1_224' title='bbox 1201 2267 1370 2317; x_wconf 78' lang='lat' dir='ltr'>Filium</span> <span class='ocrx_word' id='word_1_225' title='bbox 1392 2264 1551 2332; x_wconf 87' lang='lat' dir='ltr'>Regni</span> <span class='ocrx_word' id='word_1_226' title='bbox 1569 2265 1705 2316; x_wconf 82' lang='lat' dir='ltr'>Prin-</span> 
     </span>
    </p>
   </div>
   <div class='ocr_carea' id='block_1_3' title="bbox 309 2332 1702 2468">
    <p class='ocr_par' dir='ltr' id='par_1_3' title="bbox 309 2332 1702 2468">
     <span class='ocr_line' id='line_1_33' title="bbox 309 2332 1702 2405; baseline -0.009 -15"><span class='ocrx_word' id='word_1_227' title='bbox 309 2333 503 2402; x_wconf 68' lang='lat' dir='ltr'>eipem,</span> <span class='ocrx_word' id='word_1_228' title='bbox 538 2347 594 2388; x_wconf 85' lang='lat' dir='ltr'>ut</span> <span class='ocrx_word' id='word_1_229' title='bbox 628 2333 739 2387; x_wconf 83' lang='lat' dir='ltr'>illos</span> <span class='ocrx_word' id='word_1_230' title='bbox 775 2333 1083 2400; x_wconf 76' lang='lat' dir='ltr'>videremuS‚</span> <span class='ocrx_word' id='word_1_231' title='bbox 1119 2332 1531 2388; x_wconf 85' lang='lat' dir='ltr'>commemoravit</span> <span class='ocrx_word' id='word_1_232' title='bbox 1565 2332 1702 2405; x_wconf 60' lang='lat' dir='ltr'>oeni.</span> 
     </span>
     <span class='ocr_line' id='line_1_34' title="bbox 1504 2414 1634 2468; baseline 0.015 -20"><span class='ocrx_word' id='word_1_233' title='bbox 1504 2414 1634 2468; x_wconf 75' lang='lat' dir='ltr'>gnis-</span> 
     </span>
    </p>
   </div>
  </div>
 </body>
</html>
