1781 2889
226 186 734 237 EPISTOLARUM.
770 186 1063 248 Lib.11.Ep.
1087 185 1166 232 JV.
1306 196 1394 247 193

93 283 329 348 Equidem
366 295 509 342 spero
560 297 649 343 pro
701 279 837 340 hujus
884 279 1095 347 regionis
1140 276 1455 342 praeparatio-

93 365 186 409 ne,
222 349 277 399 &
313 345 450 410 quasi
485 359 685 411 segete,
723 363 800 396 me
835 349 930 395 hoc
964 361 1097 394 anno
1144 345 1206 393 ad
1248 355 1456 405 centum

95 414 481 463 Christianorum
507 412 659 461 millia
695 428 798 461 esse
832 412 1073 462 facturum
1095 449 1105 460 .
1141 414 1321 475 Rogate
1357 413 1455 457 Do-

96 485 262 528 minum
299 483 549 539 messis‚ut
566 484 725 528 mittat
760 484 984 543 operarios
1003 483 1049 525 in
1070 481 1256 526 vineam
1291 491 1421 523 suam
1446 510 1457 522 .

94 545 143 593 Si
178 544 260 608 qui
296 543 449 592 divini
487 544 643 592 cultus
679 544 919 611 augendi,
958 541 1305 609 religionisque
1342 557 1453 604 pro-

93 610 330 676 pagandae
367 609 530 658 studio
567 612 614 657 in
652 611 753 659 haec
788 610 1032 670 loca‚ubi
1048 613 1193 672 campi
1218 608 1324 670 jam
1349 620 1459 654 sunt

91 678 187 724 albi
223 677 287 723 ad
317 694 522 735 messem,
561 677 817 737 venerint,
855 692 954 725 non
990 674 1270 724 humaniter
1304 673 1457 721 modo

95 741 403 804 accipientur
438 744 465 789 a
504 741 777 802 Lusitanis,
811 743 895 791 sed
931 741 1083 790 etiam
1119 740 1359 806 benigne3
1389 737 1459 786 sic

87 822 277 871 prorsus
312 820 366 856 ut
401 808 566 855 omnia
619 808 685 855 eis
734 806 1006 857 necessaria
1057 805 1247 856 abunde
1283 819 1455 868 suppe-

88 886 224 922 tant.
262 873 459 942 Qippe
497 872 726 921 Lusitana
761 890 879 939 gens
916 889 1064 937 usque
1101 875 1164 920 eo
1201 884 1274 920 est
1308 869 1458 917 avida

87 939 371 987 Christianae
408 939 522 987 fidei
557 939 945 1001 amplificandae,
972 952 1027 986 ut
1063 937 1098 985 si
1135 936 1252 985 nihil
1290 934 1450 993 aliud,

86 1007 220 1054 certe
256 1018 358 1054 tarn
395 1005 525 1067 pium
575 1020 745 1053 eorum
798 1006 1037 1065 studium,
1092 1019 1150 1051 ac
1189 1014 1305 1051 'tam
1341 1017 1455 1065 pro-

89 1086 239 1134 pensa
275 1085 389 1136 erga
426 1083 646 1119 nostram
685 1071 991 1120 Societatem
1043 1068 1272 1117 voluntas
1321 1083 1457 1115 com-

85 1135 248 1200 plures
287 1136 498 1185 vestrfim
547 1137 640 1184 huc
691 1139 975 1198 pertrahere
1022 1135 1256 1182 deberet.
1307 1135 1456 1181 Nunc

84 1215 250 1250 autem
287 1201 403 1264 quid
439 1217 526 1250 vos
564 1200 728 1249 facere
750 1215 982 1264 oportet,
1014 1203 1125 1248 cum
1146 1201 1313 1247 harum
1333 1214 1456 1264 gen-

84 1267 207 1316 tium
242 1268 432 1315 animos
483 1279 584 1315 tam
638 1279 838 1328 paratos
873 1268 935 1315 ad
987 1265 1240 1331 Evangelii
1288 1278 1456 1312 semen

85 1333 432 1395 excipiendum
468 1334 713 1382 videatis?
738 1335 915 1383 DEUS
944 1331 1078 1380 vobis
1096 1331 1452 1379 sanctissimam

87 1414 222 1446 suam
257 1398 445 1462 aperiat
481 1398 823 1460 voluntatem,
860 1400 917 1450 &
952 1399 1012 1445 ad
1050 1413 1158 1445 eam
1205 1411 1456 1461 exequen-

87 1464 197 1511 dam
233 1465 360 1512 vires
395 1477 546 1529 atque
582 1466 771 1514 animos
806 1466 986 1523 addat,
1019 1462 1246 1527 idemque
1264 1479 1350 1526 pro
1370 1476 1457 1509 sua

84 1530 400 1592 providentia
436 1530 655 1579 vestrum
693 1533 786 1580 huc
823 1533 991 1579 mittat
1027 1533 1170 1592 quam
1207 1527 1457 1588 plurimos.

88 1612 167 1643 v1.
203 1596 447 1644 Kalendas
484 1596 623 1644 Febr.
658 1596 775 1645 anni
820 1609 933 1661 post
986 1595 1237 1644 Christum
1284 1605 1451 1642 natum

85 1662 357 1711 MDXLV.
389 1661 586 1711 Cocino
607 1698 620 1710 .

375 1795 416 1844 E
462 1795 496 1842 P
544 1793 568 1842 I
614 1793 644 1841 S
693 1792 733 1840 T
781 1793 829 1842 O
878 1792 914 1841 L
962 1792 1005 1840 A
1090 1790 1150 1839 V.

449 1925 500 1972 Ρ.
537 1924 794 1975 Francisco
832 1922 1112 1973 Mansillae.

83 2054 259 2105 ‘I‘enelli
302 2059 468 2121 gregis
521 2056 733 2106 custodiae
794 2052 1182 2123 invigilandum:
1253 2056 1454 2101 incertus·

144 2126 238 2187 ipse
273 2125 361 2187 quo
395 2141 441 2169 se
476 2137 666 2182 vertat,
723 2125 890 2187 quovis
946 2138 1143 2186 paratus
1182 2122 1322 2168 solum
1359 2121 1454 2165 Dei

147 2202 308 2237 nutum
345 2202 560 2252 expectat
582 2224 593 2236 .
630 2193 818 2236 Duram
847 2202 1033 2253 gentem
1070 2200 1333 2236 constanter
1368 2202 1451 2230 ex-

148 2255 405 2314 colendam,
428 2258 748 2319 Ecclesiasque
783 2272 928 2303 onmes
957 2258 1166 2303 continue
1199 2249 1455 2301 obeundas.

82 2323 226 2433 TDe
272 2325 563 2386 Manapares
614 2322 802 2383 templo,
859 2320 1128 2374 Scholaram
1180 2318 1453 2385 magistris,

126 2402 207 2436 om.
242 2389 284 2435 I.
705 2389 752 2436 N
1338 2395 1395 2429 ac
