1781 2889
254 168 743 223 mustotARUM
763 191 787 217 .—
810 169 916 218 Lib.
946 173 988 220 1.
1022 172 1107 236 Ep.
1141 174 1234 222 ιιι.
1344 191 1396 240 15

91 264 273 316 nevole
311 262 360 311 in
401 275 487 310 nos
521 258 842 311 affectorum:
868 280 926 313 ac
950 269 1064 316 sane
1088 279 1254 316 tantus
1282 278 1338 315 ut
1364 281 1467 315 mo-

87 333 212 386 leste
249 325 434 386 feram,
472 325 572 374 fieri
612 343 698 389 per
732 328 933 379 nimiam
969 331 1331 382 multitudinem
1367 347 1468 383 non

88 411 262 462 posse,
309 404 364 441 ut
407 390 595 440 cunctis
648 392 929 461 singillatim
979 414 1038 446 ea
1090 414 1178 447 nos
1225 397 1468 449 visitatiou

89 478 206 512 num
252 460 309 510 &
377 457 732 506 salutationum
785 461 951 511 officia
1003 463 1304 526 reddamus,
1359 478 1466 526 quae

87 544 179 593 pro
215 522 425 573 notabili
477 538 535 571 ac
587 524 852 588 conspicua
907 528 1146 594 dignitate
1200 530 1467 592 plerorum-

91 608 209 656 que,
248 588 356 653 ipsis
393 588 707 649 deberemu5‚
761 591 798 639 si
849 608 908 641 ea
960 595 1097 644 obire
1143 610 1228 658 per
1278 608 1469 657 tempus

85 657 294 707 liceret.
333 654 524 702 Notavi
559 655 709 703 etiam
743 657 973 720 plurimos
1010 661 1072 708 ad
1119 661 1300 710 bonum
1351 677 1463 723 pro-

88 736 293 788 pensos,
332 722 389 773 ὃς
427 723 541 768 Deo
577 721 800 771 Domino
839 726 1026 774 Nostro
1061 725 1240 776 servire
1270 725 1466 789 cupien-

88 803 195 849 tes,
233 802 352 851 quos
388 786 754 835 saluberrimum
807 803 935 838 esset
980 790 1135 849 juvari
1184 791 1467 855 quibusdam

90 851 349 905 Exercitiis
383 852 740 914 spiritualibus,
778 855 838 902 ad
874 856 1248 919 concipiendum
1283 874 1464 922 propo-

91 920 238 969 situm
274 917 442 967 statim
478 918 764 967 executioni
808 921 1071 969 mandandi
1121 923 1252 987 quod
1303 925 1358 972 de
1393 925 1466 972 die

90 989 138 1033 in
173 986 290 1033 diem
326 981 587 1032 differunt:
626 984 859 1048 quoniam
894 1000 1343 1051 quantumcumque
1395 987 1467 1037 fe⁴

90 1051 277 1099 stinent
327 1047 549 1097 homines
583 1048 632 1096 in
669 1052 958 1113 exequendo
1007 1053 1138 1116 quod
1182 1051 1463 1103 faciendum

92 1126 299 1173 norunt,
337 1113 419 1163 vix
473 1112 666 1179 fugiunt
720 1116 835 1178 quin
881 1116 1120 1166 rationem
1167 1119 1466 1167 reddendam

90 1195 335 1230 morarum
376 1177 655 1238 ,habeantr
710 1196 859 1244 quare
914 1182 1120 1232 multum
1173 1184 1467 1233 attentionis

91 1244 310 1295 adhiberi
347 1244 587 1293 convenit
618 1245 681 1292 ad
716 1246 1021 1296 amoliendas
1052 1249 1313 1298 cunctandi
1349 1266 1463 1298 cau-

89 1328 197 1364 sas.
233 1306 388 1367 Hujus
422 1307 572 1358 officii
607 1309 752 1372 plena
789 1313 1013 1379 cognitio
1059 1315 1292 1365 salutares
1344 1315 1466 1363 mul·

88 1377 154 1428 tis
189 1374 408 1447 stimulos
443 1376 703 1439 admovet,
739 1393 826 1441 per
859 1396 980 1443 quos
1024 1383 1052 1430 a
1100 1394 1307 1430 veterno
1344 1397 1465 1446 quo-

92 1444 204 1492 dam
240 1441 446 1491 excitati
481 1442 719 1501 sentiant,
750 1459 798 1493 se
835 1460 934 1494 non
968 1446 1256 1496 inventuros
1289 1463 1464 1511 pacem

90 1508 171 1560 ubi
206 1524 302 1572 pax
339 1522 435 1555 non
473 1520 577 1570 est3
614 1509 877 1571 praesertim
914 1510 946 1558 ii
1000 1511 1081 1576 qui
1133 1525 1307 1564 contra
1357 1530 1462 1562 om·

90 1590 204 1624 nem
241 1573 483 1623 rationem
517 1587 813 1636 procurant,
854 1579 1017 1625 Deum
1064 1581 1127 1626 eo
1177 1580 1462 1641 pertrahere

94 1644 194 1703 quo
229 1639 317 1702 ipsi
352 1637 563 1700 volunt;
600 1653 878 1690 recusantes
914 1647 976 1691 eo
1010 1642 1079 1690 ire
1114 1648 1213 1707 quo
1260 1647 1288 1693 ὲ
1345 1647 1462 1692 Deo

96 1705 320 1755 Domino
359 1705 549 1753 Nostro
604 1719 878 1767 vocantur;
923 1707 1233 1771 sitientesque
1283 1709 1362 1775 agi
1412 1722 1464 1760 se

90 1771 186 1819 suis
221 1770 382 1834 potius
418 1768 628 1830 ipsorum
663 1770 949 1819 inordinatis
983 1772 1265 1834 affectibus,
1318 1791 1463 1839 quam

87 1834 233 1885 bonis
270 1833 511 1883 desideriis
548 1835 596 1881 in
632 1851 800 1884 eorum
851 1850 1038 1887 mentes
1086 1838 1318 1890 divinitus
1371 1841 1460 1888 im-

88 1901 241 1952 missis
273 1938 286 1949 .
342 1899 493 1965 Digni
544 1916 656 1950 sane
707 1902 875 1966 quibus
922 1903 1232 1954 misereamur
1277 1906 1461 1972 magis,

89 1984 238 2032 quam
273 1965 526 2031 quisquam
575 1965 833 2030 invideat3
885 1969 1065 2033 quippe
1117 1987 1236 2034 quos
1281 1970 1350 2019 ire
1403 1988 1464 2020 ac

87 2033 179 2082 niti
228 2032 468 2082 cernimus
523 2047 607 2093 per
659 2045 761 2081 tam
819 2035 1061 2084 acclivem
1106 2038 1460 2100 abruptamque

89 2098 270 2147 viam:
325 2098 383 2148 &
434 2096 657 2160 improbo
710 2113 893 2148 conatu
944 2099 1180 2149 laboriosi
1238 2116 1461 2150 ascensus

90 2163 212 2212 nihil
247 2162 378 2211 aliud
415 2178 559 2225 quam
595 2163 852 2226 praecipitii
887 2165 1186 2227 periculum,
1222 2167 1320 2216 imo
1355 2183 1463 2219 cer«.

89 2240 194 2277 tum
227 2228 373 2277 ruinae
408 2226 611 2275 infelicis
646 2230 848 2278 exitium
885 2247 1127 2294 quaerere.

161 2308 208 2361 5.
237 2291 421 2359 Elapsis
454 2294 515 2343 ab
550 2294 764 2345 adventu
784 2296 831 2345 in
853 2296 977 2346 hanc
995 2297 1180 2365 regiam
1199 2296 1454 2356 civitatem

1219 2376 1390 2414 nostre
