1781 2889
263 180 786 234 EPISTOLARUM.
821 181 926 231 Lib.
959 186 999 232 Ι.
1033 185 1118 249 ΕΡΜ
1156 189 1250 235 111.
1336 205 1389 256 ¹3

88 293 141 334 te
174 291 489 347 perurgente,
529 279 638 327 Nos
674 291 843 327 omnes
891 275 1276 328 reclamabamus
1299 299 1313 328 .·
1364 278 1458 328 fru-

86 362 185 398 stra
219 348 266 395 id
301 345 523 410 quidem3
560 342 713 393 nihilo
746 343 881 396 enim
918 343 1073 392 minus
1126 359 1213 409 per
1261 343 1460 393 dubium

84 410 320 475 torrentis
351 410 547 461 alveum
585 425 732 474 eques
766 408 848 459 ille
885 425 1164 476 progressus
1200 422 1305 459 est.
1343 413 1464 459 Non

84 478 291 528 multum
327 488 664 539 processerat,
700 491 814 524 cum
849 475 1059 538 impetus
1094 475 1278 527 ruentis
1312 476 1466 527 amnis

86 543 198 608 equi
236 542 360 594 vires
395 542 675 600 eluctatus,
717 556 826 589 eum
864 557 974 590 cum
1011 542 1178 604 equite
1224 540 1462 604 abripuit,

86 607 423 672 spectantibus
460 609 515 659 <Sc
552 607 888 655 miserantibus
923 610 950 656 ὲ
1000 607 1105 668 ripa
1144 607 1332 657 cunctis
1378 623 1466 663 no-

88 675 193 725 bis:
247 686 543 736 tantumque
595 685 854 723 momento
902 671 952 720 in
1003 671 1210 735 spatium
1265 672 1468 733 avexit,

87 753 278 806 quanto
318 738 418 788 fere
453 738 723 788 intervallo
760 750 977 787 vestrum
1012 737 1328 789 diversorium
1365 743 1470 788 Ro-

87 822 286 856 manum
321 808 349 854 a
387 807 434 852 S.
471 803 709 852 Ludovici
745 803 953 866 Templo
989 803 1208 851 dissitum
1228 817 1334 853 est.
1369 800 1471 853 Hic

90 872 319 937 dignatus
355 884 428 918 est
466 872 602 918 Deus
639 869 882 918 Dominus
938 870 1127 918 Noster
1174 870 1341 918 audire
1394 885 1470 917 ar-

92 938 268 988 dentes
321 951 489 998 preces
545 951 660 999 quas
698 936 745 982 in
783 934 870 984 illo
907 933 1192 998 spectaculo
1246 936 1308 984 ad
1360 951 1472 983 eum

92 1001 222 1052 fudit
257 1017 420 1051 servus
456 999 556 1059 ejus
592 1003 658 1051 D.
695 1004 939 1066 LegatuS,
993 1015 1168 1065 rogans
1220 1015 1328 1048 cum
1378 1000 1472 1048 suis

95 1067 322 1117 omnibus
357 1083 441 1113 non
477 1071 571 1114 sine
605 1067 821 1131 lacrymis
854 1081 943 1129 pro
977 1064 1103 1112 illius
1153 1064 1361 1115 infelicis
1398 1082 1473 1113 sa·

95 1133 200 1182 lute
237 1131 511 1184 humanitus
547 1130 836 1195 desperata:
885 1129 1060 1178 annuit
1104 1132 1377 1191 DominuS,
1418 1132 1476 1182 &1

96 1196 361 1248 manifesto
398 1193 636 1244 miraculo
656 1229 668 1255 ,
694 1195 908 1259 presenti
929 1195 1086 1244 exitio
1107 1197 1347 1258 perditum
1368 1196 1475 1243 sub-

94 1263 281 1315 traxit.
315 1261 537 1312 Gerebat
571 1260 609 1308 is
655 1261 703 1311 in
750 1260 927 1327 Legati
970 1262 1213 1313 comitatu
1259 1260 1478 1311 officium

100 1328 310 1379 Stabulo
345 1325 601 1381 Praefecti:
644 1326 724 1390 qui
762 1343 880 1376 sane
915 1343 1025 1375 cum
1060 1344 1274 1390 praeceps
1327 1327 1480 1376 vorti-

97 1394 232 1447 cibus
267 1392 506 1451 ferretur,
551 1393 711 1441 multo
764 1392 1013 1444 maluisset
1060 1393 1110 1442 in
1166 1393 1482 1444 Monasterio

100 1475 208 1512 esse
244 1462 389 1527 quam
424 1458 507 1506 ubi
542 1470 661 1510 tnnc
697 1471 829 1508 erat.
867 1461 1010 1524 Isque
1042 1458 1176 1507 illum
1228 1472 1331 1511 tum
1379 1475 1479 1507 ma-

102 1525 233 1575 xime
268 1523 516 1587 scrupulus
551 1523 793 1589 angebat,
830 1523 1116 1576 memoriam
1163 1525 1390 1591 ingerens
1426 1541 1480 1572 o-÷

98 1591 257 1640 missae
293 1590 706 1653 opportunitatis,
745 1606 892 1655 quam
936 1602 1056 1640 tunc
1107 1590 1283 1639 frustra
1329 1606 1481 1654 quan-

104 1655 237 1706 tovis
271 1657 578 1719 redemptam
611 1668 845 1719 cuperet.
886 1660 1000 1706 Hoc
1034 1657 1136 1718 ipse
1171 1656 1287 1704 mihi
1334 1655 1484 1705 fassus

105 1734 282 1788 postea
319 1734 429 1781 est3
466 1721 740 1781 affirmans,
777 1721 933 1770 minus
968 1737 1016 1769 se
1053 1722 1102 1769 in
1149 1733 1251 1771 tam
1301 1721 1482 1770 acerbo

104 1803 220 1836 casu
275 1798 646 1835 consternatum
695 1788 898 1836 horrore
943 1785 1147 1850 periculi
1202 1786 1483 1852 praesentis,

106 1855 253 1918 quam
290 1851 493 1902 verbere
541 1851 854 1903 conscientiae
909 1852 1089 1902 acriter
1140 1852 1482 1916 exprobrantis

108 1919 264 1968 vitam
302 1915 575 1967 inconsulte
612 1931 775 1966 actam
812 1918 909 1966 sine
933 1916 1035 1968 ulla
1054 1918 1337 1982 provisione
1358 1935 1484 1967 mor-

105 1984 198 2034 tis.
236 1982 491 2042 Addebat,
527 1983 791 2046 praesertim
839 1999 889 2031 se
941 1983 1030 2032 tali
1073 1983 1286 2033 articulo
1322 1984 1486 2033 turba-

106 2061 212 2099 tum
248 2050 352 2102 sera
388 2047 688 2098 Poenitentia
734 2050 969 2114 ingressus
1022 2048 1070 2097 in
1126 2049 1489 2098 Monasterium

112 2113 285 2174 dilati,
324 2118 422 2179 quo
459 2129 508 2162 se
545 2118 572 2163 a
608 2116 723 2165 Deo
760 2114 928 2163 vocari
949 2129 1046 2162 non
1077 2113 1220 2164 dubie
1241 2126 1488 2164 senserat.

109 2181 351 2245 Adeoque
386 2177 556 2243 plenus
591 2180 660 2228 his
697 2178 1084 2245 cogitationibus
1106 2180 1242 2228 nobis
1274 2193 1349 2229 est
1383 2179 1486 2228 red-

116 2244 270 2304 ditus,
308 2259 362 2295 ut
398 2261 566 2294 omnes
602 2244 733 2297 ultro
769 2245 1058 2294 admoneret
1082 2260 1142 2293 ne
1169 2245 1341 2294 similia
1376 2261 1487 2309 pec-

114 2323 290 2362 carent
317 2349 330 2362 .
365 2310 539 2362 Verbis
571 2310 727 2361 dabat
759 2311 946 2375 pondus
981 2309 1143 2362 vultus
1179 2312 1238 2366 ὃς
1265 2309 1488 2360 fronslo—

1271 2391 1420 2442 quell-
