1781 2889
398 221 495 274 274
629 209 678 257 S.
712 208 1081 260 FRANCISCI
1115 209 1405 261 XAVERII

332 317 438 366 quae
492 317 566 351 res
613 304 909 352 Sacerdotes
964 307 1246 373 peregrinos
1284 302 1554 365 deterruit,
1608 301 1708 368 qu&

331 371 487 416 minus
540 366 653 416 illuc
725 371 1026 420 accederent
1076 375 1139 422 ad
1196 372 1383 421 incolas
1439 369 1712 430 juvandos·

323 437 444 499 ‘Ego
500 433 646 499 igitur
694 436 1134 499 animadvertens,
1180 453 1364 506 quanta
1415 437 1711 485 necessitate

337 514 637 563 urgeantur,
705 518 826 566 quos
878 519 1024 551 nemo
1077 504 1288 566 doceat,
1345 519 1492 552 nemo
1548 502 1714 566 expiet

334 565 699 627 Sacramentis3
737 570 784 616 in
821 570 1036 617 animum
1075 570 1242 622 induxi
1281 586 1469 629 meum,
1524 569 1707 616 debere

338 647 416 679 me
455 630 532 678 vel
569 648 677 682 cum
714 634 889 697 capitis
943 636 1162 697 periculo
1211 635 1466 685 consulere
1520 634 1714 682 illorum

334 697 505 745 saluti.
543 697 794 764 roirca
831 702 1184 766 quamprimum
1233 705 1296 750 eo
1348 717 1424 750 me
1481 699 1712 750 conferre

335 763 518 822 statui,
573 768 628 816 &
676 780 829 830 caput
883 784 1041 817 meum
1095 768 1145 816 in
1199 766 1454 816 discrimen
1508 766 1715 816 offerre.

339 830 578 893 Equidem
616 848 813 880 omnem
851 836 901 882 in
939 836 1082 889 ΠΕΟ
1120 850 1252 898 spem
1275 833 1493 882 locatam
1523 833 1713 891 habeo,

337 897 621 960 cupioque,-
656 913 894 963 quantum
933 900 981 948 in
1019 916 1097 949 me
1134 901 1227 949 erit
1258 934 1268 960 :
1308 900 1505 953 Christo
1542 897 1718 947 Domi-

340 979 406 1010 no
444 964 789 1026 obtemperare
825 966 1150 1016 admonenti:
1207 970 1307 1038 Qi
1362 968 1564 1014 voluerit
1621 967 1723 1012 ani-

341 1045 462 1076 mam
499 1047 627 1078 suam
665 1035 855 1082 salvam
882 1033 1077 1099 fucere,
1114 1035 1277 1097 perdet
1308 1047 1406 1080 eam
1427 1051 1446 1092 ;
1471 1034 1547 1096 qui
1573 1045 1723 1079 autem

340 1096 598 1161 perdiderit
633 1103 835 1147 animam
873 1116 1003 1148 suam
1039 1114 1224 1167 propter
1261 1117 1354 1158 me,
1391 1102 1725 1146 invenieteam.

318 1164 469 1230 ‘Qae
505 1162 702 1226 quidem
741 1165 991 1214 sententia
1009 1164 1257 1231 cogitanti
1282 1163 1440 1212 facilis
1462 1176 1726 1225 est,expe-

343 1227 493 1276 rienti
531 1245 631 1276 non
669 1230 824 1279 item.
861 1232 959 1280 Ubi
997 1234 1128 1281 enim
1165 1245 1358 1294 tempus
1395 1229 1728 1290 incidit,cum

348 1297 451 1343 vita
489 1295 765 1346 amittenda
803 1312 902 1359 est,
940 1311 996 1348 ut
1032 1316 1141 1347 eam
1193 1298 1253 1346 in‘
1284 1297 1430 1349 DEO
1479 1295 1727 1353 invenias,

341 1363 455 1408 cum
493 1363 662 1410 mortis
697 1363 960 1425 periculum
1016 1364 1321 1422 intenditur,
1359 1361 1426 1409 sic
1474 1374 1531 1411 ut
1581 1359 1731 1408 facile

347 1426 644 1490 prospicias,
684 1429 718 1476 si
759 1432 904 1480 DEO
954 1447 1150 1493 pareas,
1205 1430 1360 1482 vitam
1410 1443 1513 1476 esse
1568 1426 1728 1475 dimit-

347 1494 584 1553 tendam3
623 1506 728 1542 tum
768 1501 887 1545 vero
924 1497 1125 1558 nescio,
1181 1513 1278 1562 quo
1333 1495 1482 1542 modo
1535 1493 1622 1554 fit,
1675 1503 1731 1540 ut

346 1559 478 1622 quod
518 1573 636 1609 ante
672 1575 970 1625 praeceptum
1008 1562 1271 1610 dilucidum
1324 1560 1585 1608 videbatur
1610 1592 1624 1619 ,
1660 1557 1729 1605 in-

347 1624 570 1672 credibili
610 1626 894 1676 involvatur
930 1628 1265 1678 obscuritate.
1303 1627 1435 1676 Nam
1466 1641 1527 1674 ne
1553 1623 1732 1673 doctis-

351 1692 455 1738 simi
511 1692 709 1755 quidem
757 1694 844 1742 viri
900 1707 1002 1742 tam
1041 1696 1281 1758 praeclarae
1329 1691 1591 1742 sententiae
1629 1691 1729 1740 vim

349 1773 750 1821 consequuntur;
803 1760 886 1810 sed
924 1761 954 1807 ii
992 1762 1282 1820 dumtaxat,
1335 1775 1456 1822 quos
1510 1755 1739 1822 singulari

350 1824 599 1873 beneficio
637 1828 814 1875 DEUS
855 1828 954 1888 ipse
993 1827 1196 1877 interior
1228 1827 1460 1892 magister
1492 1821 1703 1872 instituit
1729 1858 1739 1869 .

352 1893 518 1954 Atque
556 1890 602 1939 in
641 1891 882 1951 ejusmodi
920 1893 1061 1942 rebus
1097 1892 1245 1943 facile
1281 1900 1729 1956 apparet,quanta

352 1958 556 2005 tandem
597 1974 762 2008 nostra
796 1960 858 2010 sit
894 1958 1238 2020 imbecillitas,
1278 1963 1425 2022 quarn
1464 1955 1643 2022 fragilis
1680 1954 1738 2005 &

349 2021 544 2072 infirma
592 2027 815 2079 humanae
870 2039 1055 2074 natura:
1108 2026 1370 2076 conditio.
1437 2020 1735 2085 Complures

354 2090 451 2137 mei
490 2107 567 2140 me
604 2093 750 2141 amici
807 2093 1129 2142 veliementer
1177 2093 1422 2153 orabant,
1475 2104 1535 2137 nc
1588 2098 1739 2135 tantae

351 2154 563 2205 feritatis
599 2173 804 2225 gentem
841 2160 1052 2207 adirem:
1079 2162 1253 2222 postea
1285 2162 1436 2216 vcro,
1471 2157 1615 2218 quim]
1647 2166 1736 2200 nec

355 2223 602 2284 precibus,
660 2241 750 2273 nec
806 2225 1032 2288 lacrymis
1087 2225 1346 2290 quicquam
1396 2236 1447 2269 se
1499 2219 1736 2291 proficere

351 2304 639 2350 senserunt,
679 2291 1054 2355 praesentissima
1094 2291 1303 2339 remedia
1340 2298 1515 2337 contra
1571 2299 1736 2333 omma

324 2370 548 2404 ¹venena
585 2374 672 2421 pro
708 2373 758 2408 se
795 2356 997 2424 quisquc
1035 2355 1345 2417 afferebant3
1374 2370 1478 2421 quae
1500 2369 1596 2418 ego
1617 2365 1737 2399 con-

1522 2432 1669 2468 >stan-
