1781 2889
222 235 715 290 EPISTOLARUM
737 270 751 286 .
786 238 894 287 Lib.
929 243 995 288 11.
1016 242 1101 303 Ep.
1122 241 1217 288 III.
1313 239 1403 306 187

102 349 176 387 est
210 336 288 401 qui
325 334 505 386 Christi
543 334 766 384 oviculas
801 339 828 385 a
868 337 917 385 vi
953 336 1173 387 defendit
1212 348 1362 401 atque
1399 334 1473 382 in-

102 402 231 451 sidiis
267 400 618 449 insatiabilium
661 401 918 464 luporum.
955 407 1123 452 Homo
1160 415 1233 451 est
1255 397 1476 450 Micahel

101 466 283 517 Vazius
319 466 584 528 intrepidus
622 467 679 518 <Sc
717 467 890 530 fortis;
943 468 1022 533 qui
1076 484 1320 533 nunquam
1391 467 1473 515 de-

99 544 312 581 terretur
346 533 406 581 ab
443 531 730 581 allatrandis
763 533 820 580 iis
857 535 936 598 qui
971 549 1139 582 recens
1189 535 1249 581 ad
1289 532 1472 582 Christi

98 597 390 663 religionem
429 610 726 663 aggregatos
762 612 1117 663 persequuntur
1153 601 1209 651 <Sc
1246 599 1386 648 bonis
1422 613 1470 646 e-

98 676 334 713 vertunt.
371 662 417 711 Si
456 664 606 711 alium
642 663 781 723 hujus
817 667 933 714 loco
988 666 1097 713 Rex
1150 678 1345 713 mittere
1381 666 1473 712 huc

99 728 269 788 volet,
305 744 448 793 quem
486 727 697 792 reperiet
759 732 854 794 (ut
887 730 1135 778 minimam
1190 730 1331 779 Vazii
1385 730 1472 779 do-

94 795 218 843 tium
255 801 569 860 memorem)
607 795 710 856 pari
746 810 855 844 curn
893 811 954 845 eo
992 813 1074 844 usu
1112 796 1362 859 praeditum
1391 797 1470 843 In-

97 860 313 909 dicarum
368 876 552 917 rerum,
609 860 779 922 quibus
834 877 918 924 per
985 878 1140 910 annos
1206 861 1468 910 duodecim

95 941 195 975 non
234 923 460 975 interfuit
495 925 680 984 solum,
718 927 801 973 sed
839 927 989 975 etiam
1027 924 1260 990 praefuit?
1298 942 1466 990 quem,

100 992 178 1055 qui
215 994 281 1040 sic
319 1003 510 1040 ametur
544 994 571 1039 a
612 990 781 1050 bonis,
819 993 1051 1041 timeatur
1084 997 1112 1041 a
1150 991 1325 1041 malis?
1364 992 1467 1040 Pla-

93 1059 154 1105 ne
192 1057 257 1105 sic
294 1058 455 1105 habe:
493 1056 534 1104 si
570 1055 717 1103 alium
758 1058 868 1106 Rex
907 1072 1118 1121 quaerat‚
1157 1055 1470 1121 quantumvis

94 1120 143 1169 in
181 1123 443 1186 deligendo
483 1120 746 1180 attendat,
782 1137 965 1187 magno
1002 1138 1050 1171 se
1088 1137 1307 1184 exponet
1344 1122 1466 1184 peri-

90 1188 205 1236 culo
257 1187 515 1237 aberrandi
565 1190 593 1233 a
648 1202 801 1247 scopo
854 1192 952 1251 quo
989 1187 1245 1237 collimat.
1294 1191 1465 1255 Qare

92 1268 216 1319 age,
253 1270 376 1318 rogo
412 1253 518 1310 Te,
556 1249 685 1299 serio
737 1266 847 1298 cum
903 1252 1004 1309 ejus
1061 1253 1364 1313 Maiestate,
1410 1266 1468 1302 ut*

87 1317 216 1366 hunc
252 1320 508 1368 remittat.
546 1315 674 1363 Vale
701 1352 713 1362 .
750 1316 948 1366 Cocino
1004 1335 1083 1367 vi.
1135 1318 1344 1369 Kalend.
1381 1320 1466 1369 Fe-

89 1383 249 1433 bruar.
299 1388 446 1435 Anno
486 1381 761 1431 MDXLV.

217 1515 348 1564 Tuus
365 1528 506 1564 verus
527 1513 583 1566 &
603 1511 652 1561 in
674 1513 876 1564 Christo
899 1513 1258 1589 amantissimus
1295 1516 1464 1566 Frater

1083 1649 1366 1697 Franciscus
1383 1680 1397 1694 .

377 1776 418 1826 E
453 1775 489 1825 P
526 1776 548 1824 Ι
587 1775 616 1824 S
657 1774 697 1823 T
734 1776 781 1825 O
819 1776 855 1826 L
892 1776 936 1826 A
1007 1775 1130 1828 IV.

496 1905 743 1956 Societati
778 1908 994 1958 Romam
1020 1943 1034 1958 .

82 2040 162 2087 De
186 2051 415 2104 germana
451 2041 691 2098 amicitia,
744 2037 800 2087 de
836 2043 1015 2088 ratione
1035 2037 1159 2101 fidei
1229 2054 1461 2107 ropagan·

147 2105 248 2164 doe,
304 2108 354 2152 ἄν
407 2106 634 2151 Matzariae
687 2106 1016 2171 Martyrilms,
1067 2123 1121 2153 ac
1167 2055 1225 2156 dleZ
1281 2109 1464 2155 Ceilani

146 2184 286 2219 morte
322 2173 550 2233 Principis
586 2170 810 2218 mirandae
845 2174 975 2236 signo
1012 2175 1162 2220 crucis
1198 2173 1472 2221 nohilitatc'z.

144 2240 222 2285 De
258 2236 588 2286 Sacerdotibus
624 2238 669 2280 in
705 2239 1043 2287 Macazariam
1083 2242 1255 2298 missis,
1317 2253 1373 2287 ac
1408 2237 1463 2286 ele

145 2304 253 2350 aliis
286 2303 379 2351 ali&
416 2300 651 2350 mittendis
677 2335 689 2349 .

1283 2439 1402 2485 {1227-
