1781 2889
408 227 505 292 276
638 227 686 275 s.
723 223 1102 278 FRANc1s<31
1139 218 1434 280 XAVER'II

338 321 623 371 ‘coelestibus
658 321 876 386 gaudiis,
915 339 1019 387 quae
1055 325 1226 377 intali
1281 343 1332 377 re
1386 343 1446 375 ac
1496 335 1722 389 ternpore

342 386 575 436 divinitus
611 387 845 450 impertiri
882 391 1076 452 solent,
1113 408 1216 443 esse
1267 396 1690 443 contemnendum
1713 430 1725 442 .

341 457 656 520 Qamquam
695 469 756 501 ne
792 469 919 501 mors
966 457 1162 521 quidem
1215 461 1317 523 ipsa
1371 459 1722 526 pertimescen-

342 522 402 568 da
440 532 514 567 est
550 519 631 579 iis,
683 518 764 584 qui
817 521 982 572 divina
1029 522 1114 574 illa
1150 525 1412 588 voluptate
1466 522 1722 590 perfruun-

339 599 450 634 tur.
485 584 588 633 Etsi
626 599 802 633 autem>
830 586 911 647 fit,
947 589 1436 656 nescioiquomodo,
1488 606 1543 640 ut
1590 590 1717 655 peri-

337 650 458 700 culis
495 650 742 714 perfuncti
778 667 947 703 eornm
984 657 1376 724 magnitudinem
1426 657 1567 706 nullis
1617 664 1725 706 ver÷

340 717 412 765 bis
449 717 683 785 consequi
721 720 993 784 possimus;
1033 736 1204 774 manet
1236 737 1406 776 tamen
1441 721 1726 783 jucundissi-

339 800 420 832 ma
458 783 684 834 beneficii
722 785 869 835 divini
907 789 1167 850 memoria,
1207 807 1312 856 quae
1351 804 1437 838 nos
1475 789 1576 840 dies
1631 804 1721 836 no-

338 853 543 915 ctesque
576 850 799 900 stimulat
835 852 896 902 ad
933 854 1124 905 labores
1163 874 1251 920 pro
1274 855 1470 919 optimo
1493 854 1718 904 Doinino

341 917 422 966 vel
458 916 789 981 suscipiendos
829 918 1068 982 libenter,
1103 923 1185 972 vel
1220 921 1420 977 fortiter
1473 919 1721 986 perferen-

341 984 466 1032 dos:
508 984 564 1035 δι
602 984 740 1032 simul
779 983 960 1045 efficit,
998 1002 1054 1038 ut
1090 1005 1203 1038 eum
1243 988 1289 1036 in
1325 986 1460 1038 omni
1501 986 1603 1038 vita
1640 1001 1723 1036 ve-

340 1064 601 1111 neremur3
638 1064 893 1113 sperantes
933 1051 1064 1114 fore,
1102 1069 1156 1104 ut
1191 1055 1318 1104 idem
1357 1071 1445 1117 pro
1482 1068 1575 1102 sua-
1619 1051 1725 1120 infi-

338 1116 445 1164 nita
483 1116 796 1181 benignitate
848 1118 974 1168 vires
1024 1121 1164 1170 nobis
1201 1123 1257 1174 &
1294 1121 1480 1169 animos
1539 1119 1724 1178 addat,

339 1185 441 1245 quo
476 1195 580 1230 tam
618 1184 835 1250 benigno
875 1187 1099 1237 Domino
1136 1203 1339 1256 operam
1375 1183 1547 1238 sedulo
1601 1199 1721 1234 con-

340 1252 628 1313 stanterque
665 1266 901 1299 navemus
925 1291 936 1304 .

407 1315 456 1364 6.
494 1318 622 1364 Cum
660 1332 812 1366 essem
852 1317 1101 1381 Malacae,
1136 1319 1285 1370 incidi
1321 1319 1370 1366 in
1393 1327 1723 1366 mercatorem

340 1379 666 1440 Lusitanum,
722 1397 975 1433 recentem
1031 1401 1091 1433 ex
1147 1385 1526 1449 opulentissimo
1575 1398 1730 1448 regno

341 1445 599 1498 Sinarum.
638 1449 682 1496 Is
721 1449 835 1496 mihi
877 1450 1128 1512 narravit,
1166 1468 1215 1501 se
1253 1452 1314 1499 ab
1351 1450 1554 1500 homine
1584 1449 1727 1509 Sina,

341 1513 554 1563 honesto
591 1516 708 1563 sane
746 1516 803 1566 &
839 1516 1010 1580 gravi,
1051 1530 1203 1583 atque
1240 1517 1287 1564 in
1326 1516 1445 1567 urbe
1482 1514 1619 1580 regia
1654 1527 1729 1562 sa·

338 1579 400 1625 tis
438 1591 637 1628 versato
675 1580 1075 1646 interrogatum:
1134 1598 1248 1633 num
1285 1579 1555 1633 Christiani
1591 1578 1732 1629 suilla

341 1660 491 1693 carne
529 1659 830 1707 vescantur3
869 1646 1212 1710 respondisse.-
1264 1648 1574 1702 Christianos
1625 1646 1729 1710 qui-

340 1710 450 1758 dem
489 1711 681 1760 suillam
721 1728 821 1760 non
858 1713 1138 1775 aspernari;
1194 1730 1245 1764 se
1294 1728 1465 1766 tamen
1518 1713 1732 1763 libenter

338 1778 650 1836 auditurum,
701 1794 786 1827 cur
836 1779 1040 1828 tandem
1099 1780 1148 1828 id
1201 1780 1566 1831 sciscitaretur.
1600 1779 1726 1827 Tum

341 1841 509 1891 Sinam
546 1844 759 1905 dixisse,
800 1845 1057 1895 nationem
1098 1862 1201 1898 esse
1238 1847 1506 1913 quamdam
1545 1845 1594 1912 in
1624 1858 1730 1893 me-

341 1907 422 1957 dio
462 1909 683 1959 Sinarum
722 1927 877 1977 regno
917 1912 1165 1963 montibus
1201 1913 1464 1973 inclusam,
1514 1909 1728 1963 moribus

339 1974 677 2042 institutisque
715 1977 863 2044 longe
900 1980 1248 2030 abhorrentem
1303 1980 1364 2028 ab
1413 1977 1571 2037 Sinis,
1619 1992 1727 2041 quae

339 2042 401 2088 ab
436 2042 576 2091 suilla
614 2043 808 2107 penitus
846 2044 1146 2108 abstineret,
1184 2047 1241 2098 8<
1279 2045 1459 2098 multos
1508 2042 1607 2092 dies
1656 2040 1727 2091 fe-

339 2121 440 2156 stos
477 2109 683 2159 solemni
723 2109 816 2160 ritu
856 2110 1164 2161 celebraret,
1218 2115 1340 2163 Haec
1390 2109 1503 2160 mihi
1540 2124 1725 2157 merca-

337 2187 419 2223 tor
457 2178 566 2225 cum
604 2176 945 2239 exposuisset,
986 2194 1086 2227 non
1124 2177 1239 2227 satis
1277 2175 1524 2235 conjicere
1545 2174 1715 2237 potui,

338 2242 497 2290 utrum
536 2242 614 2304 hi,
653 2259 776 2308 quos
817 2244 931 2292 Sina
968 2243 1300 2305 describebat,
1338 2240 1603 2293 Chrisriani
1653 2256 1725 2290 es·

336 2320 446 2356 sent
483 2326 542 2357 ex
582 2325 643 2357 eo
683 2325 917 2371 numero,
955 2310 1037 2373 qui
1075 2310 1195 2359 ritus
1232 2306 1723 2373 Hebraeaelegiscum

337 2374 520 2425 Christi
558 2375 802 2442 religione
853 2376 1192 2444 conjungunt,
1244 2375 1411 2440 quales
1458 2372 1725 2446 Aithiopes

1506 2455 1653 2489 maris
