1781 2889
373 246 465 297 142
604 230 651 277 S.
688 228 1062 276 FRANCISCI
1098 226 1394 275 XAVERH

299 342 439 378 ctum
474 323 656 373 habere
679 325 793 389 quid
831 323 878 370 in
915 338 966 370 re
1002 323 1094 381 sit,
1135 326 1267 389 quod
1304 341 1364 374 ex
1403 325 1463 375 εὲι
1500 327 1683 379 notitia

301 395 491 459 pendet
540 390 838 439 deliberatio
886 391 1212 450 profectionis
1248 392 1310 438 ad
1364 393 1554 459 Regem
1593 411 1683 443 no-

299 476 445 510 strae.
483 458 532 504 Si
570 459 699 505 enim
740 457 783 503 id
821 453 1008 503 facinus
1045 458 1102 507 &
1140 461 1252 507 vere
1299 458 1586 520 admissum,
1624 461 1683 515 &

301 526 512 576 omnino
549 524 650 571 tale
690 536 764 570 est
813 521 959 586 quale
1013 535 1270 580 narratur,
1345 524 1517 574 melius
1555 527 1683 575 arbi-

300 609 409 643 tror
444 590 790 652 supersedere,
847 603 937 635 nec
977 586 1154 637 offerre
1192 588 1269 638 isti
1308 590 1445 640 Aulae
1484 607 1537 641 os
1592 609 1682 642 no-

296 673 453 707 strum
492 671 594 705 tam
632 653 992 718 exprobrabilis
1039 653 1180 702 ausus
1217 657 1521 708 conscientia
1557 658 1685 708 invi-

301 741 440 774 sum:
482 739 626 788 quem
665 723 796 770 enim
850 721 979 769 latet
1033 725 1178 786 quirin
1228 723 1406 786 ubique
1443 740 1528 786 per
1563 725 1683 775 illud

303 797 570 857 Regnum,
629 804 686 835 ac
750 787 1017 850 praesertim
1072 787 1121 835 in
1178 790 1351 837 Domo
1423 790 1683 854 I'i·incipi3‚

298 858 529 907 odiosum
581 854 747 904 haberi
787 869 986 902 necesse
1022 853 1117 914 sit,
1173 870 1274 903 non
1313 871 1416 906 esse
1471 857 1684 906 veritum

301 937 566 973 externum
616 922 865 970 hominem
914 918 1095 970 inferre
1134 920 1385 970 violentas
1430 938 1598 971 manus
1636 925 1685 973 in

301 989 601 1040 familiarem
659 986 824 1053 magni
877 987 1026 1052 Regis
1073 987 1124 1034 in
1160 986 1276 1036 loco
1315 987 1512 1036 ditionis
1549 988 1685 1053 ejus;

301 1057 516 1106 maxime:
555 1071 664 1103 cum
701 1054 849 1119 longe
886 1052 1032 1102 aliter
1065 1055 1167 1116 ipse
1194 1056 1303 1104 Rex
1341 1070 1391 1103 se
1429 1056 1684 1107 nobiscum

300 1137 477 1192 gerat.
526 1121 738 1182 Excepit
792 1123 827 1168 is
876 1135 1032 1183 nuper
1084 1120 1286 1170 mirifica
1340 1122 1584 1171 comitate
1636 1126 1686 1173 P.

302 1192 617 1244 Franciscum
657 1186 937 1246 Coffllium,
988 1187 1336 1251 concessitque
1371 1188 1460 1250 ipsi
1493 1188 1686 1252 prolixe

302 1256 537 1325 quidquid
575 1254 719 1317 petiit
754 1254 802 1300 in
838 1253 1159 1301 commodum
1196 1253 1591 1304 Christianorum
1626 1257 1688 1306 is-

298 1338 495 1383 torum3
534 1322 649 1386 quin
696 1320 825 1370 adeo
864 1335 914 1367 se
950 1335 1246 1382 propensum
1284 1322 1680 1372 commendatio-

300 1407 363 1440 ne
413 1388 564 1439 Patris
601 1389 648 1434 in
705 1388 877 1435 horum
916 1383 1140 1434 favorem
1178 1386 1416 1450 praebuit,
1472 1400 1526 1437 ut
1581 1393 1684 1454 quo

297 1458 367 1508 eis
406 1452 816 1505 honorificentius
871 1452 1180 1512 consuleret,
1237 1466 1452 1517 quatuor
1508 1456 1689 1504 Mana-

297 1538 529 1590 parenses
566 1536 625 1569 ex
664 1519 874 1582 ipsorum
913 1534 1117 1566 numero
1154 1518 1285 1568 ultro
1328 1523 1685 1586 Patangatinos

295 1589 578 1645 creaverit,
613 1586 759 1650 idque
797 1586 948 1649 gratis
985 1589 1039 1637 ὅ(
1079 1585 1180 1634 sine
1214 1585 1316 1634 ullo
1354 1587 1687 1650 populi-sum-

298 1673 386 1721 ptu
418 1673 428 1703 ;
469 1670 583 1702 nain
621 1654 752 1717 quod
777 1651 1001 1700 Pularum
1041 1664 1267 1715 tempore
1289 1653 1511 1715 pecuniae
1548 1655 1688 1720 quid-

297 1725 432 1789 piam
472 1719 602 1781 exigi
653 1734 715 1768 eo
752 1719 953 1768 nomine
988 1718 1219 1773 solebat,
1269 1721 1563 1769 nominatim
1600 1736 1684 1770 ve-

296 1792 396 1840 tuit
433 1804 494 1837 ne
532 1788 709 1835 fieret.
748 1785 1084 1849 Similiterque
1124 1786 1167 1832 in
1205 1784 1313 1832 aliis
1348 1785 1471 1836 locis
1509 1789 1686 1836 Patan-

296 1857 499 1925 gatinos
537 1867 635 1902 tres
669 1851 774 1900 sine
812 1852 911 1901 ull&
949 1850 1258 1914 popularium
1315 1855 1532 1916 expensa
1567 1869 1686 1903 con-

298 1924 491 1982 stituit,
540 1932 723 1968 cuncta
784 1918 875 1967 ista
914 1918 1180 1966 decernere
1215 1934 1265 1967 se
1321 1919 1369 1966 in
1407 1920 1561 1969 Patris
1597 1919 1680 1985 qui

301 2007 445 2047 eum,
486 1999 538 2035 ut
576 1985 707 2044 dixi,
746 1985 938 2033 adierat
976 1984 1159 2033 Coellii
1194 1986 1408 2052 gratiam
1463 1985 1686 2035 benevo-

299 2054 568 2106 lentissime
608 2063 818 2101 testatus
839 2089 853 2100 .

365 2143 413 2188 4.
449 2123 538 2169 Per
592 2132 835 2182 quantum
887 2120 1052 2166 Deum
1107 2133 1240 2165 amas
1295 2118 1526 2167 obtestor
1574 2118 1687 2178 Te,

298 2188 523 2257 significa
577 2183 820 2235 Praefecto
874 2183 1292 2243 accuratissimis,
1365 2200 1477 2232 meo
1531 2184 1686 2232 etiam

297 2246 502 2307 nomine
553 2251 744 2314 scriptis
782 2251 966 2309 literiS,
1022 2266 1164 2298 orare
1219 2265 1297 2298 me
1345 2249 1479 2298 illum
1535 2249 1684 2299 etiam

296 2338 452 2389 arque
491 2320 675 2377 etiam,
725 2331 778 2366 iit
814 2319 849 2365 si
900 2317 1016 2381 quid
1071 2318 1180 2365 mest
1232 2317 1377 2364 caus&
1433 2315 1574 2376 vult,
1629 2319 1687 2370 &

296 2394 401 2455 ipse
437 2386 688 2436 abstineat
725 2384 773 2433 in
810 2386 940 2433 hunc
978 2396 1141 2432 totum
1165 2382 1508 2445 Septembrem
1548 2398 1686 2432 men·

1516 2465 1621 2498 sem
