1781 2889
360 249 451 302 134
586 234 634 282 S.
670 233 1038 286 FRANCISCI
1075 238 1374 288 XAVERII

560 366 1124 418 EPISTOLA
1195 371 1417 419 XXX.

879 499 1082 549 Eidem.

295 648 729 699 mauturinensium
767 647 1027 712 tumultu&
1083 651 1270 697 miseros
1305 667 1389 696 non
1425 650 1678 701 destituen-

359 718 468 764 dos.
505 712 743 760 Barbaros
778 713 842 760 ad
876 728 1029 776 pacem
1083 715 1382 777 alliciendos,
1437 722 1677 783 omniaque

360 783 536 834 minut&
573 779 938 841 perscribenda:
976 781 1032 829 de
1070 782 1442 831 Christianorum
1476 786 1662 834 clade.x

295 950 335 985 1.
376 931 703 1052 Carissime
755 931 802 980 in
856 933 1056 984 Christo
1107 935 1311 984 Frater.
1363 932 1547 983 Iterum
1602 929 1675 981 in-

520 1000 666 1049 culco
713 998 804 1048 tibi
853 1013 1028 1049 nactus
1084 1017 1268 1049 novam
1322 1002 1674 1059 occasionem,

291 1070 463 1119 eadem
499 1084 602 1134 quae
641 1067 734 1114 hoc
788 1065 893 1127 ipso
949 1067 1026 1116 die
1077 1071 1222 1117 mane
1270 1067 1465 1130 scripsi3
1516 1064 1668 1116 etiam

291 1151 443 1202 atque
496 1134 648 1184 etiam
699 1132 996 1193 obsecrans,
1049 1147 1104 1183 ut
1153 1134 1471 1183 miserrimam
1530 1133 1674 1181 istam

290 1207 542 1261 Gentem,
572 1199 621 1247 in
647 1199 789 1248 tanta
822 1199 905 1248 sua
924 1199 1247 1262 calamitate,
1281 1214 1520 1265 quantum
1541 1197 1676 1249 omni

290 1282 477 1318 conatu
530 1280 704 1330 potes,
759 1265 983 1315 subleves
1041 1268 1098 1318 δε
1151 1267 1454 1316 consoleris:
1520 1279 1675 1330 utque

293 1337 468 1402 (quod
504 1335 554 1382 in
591 1344 733 1395 parte
784 1347 979 1380 summae
1015 1335 1043 1382 a
1080 1335 1289 1383 caritate
1336 1333 1421 1384 tua
1471 1333 1675 1399 gratiae,

290 1419 380 1466 pro
419 1400 613 1466 urgenti
650 1397 1349 1466 desiderio,numerave1·im)
1373 1402 1542 1450 statim
1563 1414 1676 1447 cum

292 1470 389 1517 fide
427 1469 645 1527 indiceS‚
700 1465 818 1529 quid
867 1468 982 1515 vere
1033 1467 1322 1514 Tutucurini
1379 1479 1547 1514 actum
1583 1465 1678 1514 sit.

293 1535 430 1584 Male
470 1546 643 1582 metuo
681 1547 741 1580 ne
779 1530 1195 1585 Tutucurinenses
1233 1533 1279 1581 hi
1315 1532 1552 1582 tumultus
1577 1531 1679 1581 cla-

291 1601 359 1650 dis
395 1600 597 1665 aliquod
635 1598 910 1646 auctarium
948 1600 995 1646 in
1034 1599 1174 1658 istos,
1226 1599 1426 1648 aliunde
1461 1597 1567 1663 plus
1603 1612 1677 1646 sa·

289 1668 349 1717 tis
386 1668 618 1724 miserm,
657 1664 963 1713 Christianos
1002 1663 1434 1715 inferant.Tanta
1455 1662 1535 1716 hic
1556 1678 1677 1713 con·-

292 1733 535 1783 sternatio
574 1743 651 1782 est
687 1746 748 1780 ex
787 1730 934 1779 anxia
973 1729 1238 1781 formidine
1277 1730 1670 1795 impendentium

290 1800 561 1859 malorum,
617 1809 854 1866 quantam
911 1797 1055 1846 nullis
1101 1798 1215 1847 satis
1270 1799 1429 1848 verbis
1481 1811 1675 1862 possem

291 1867 596 1929 exprimere.
634 1867 745 1914 Nec
783 1864 994 1928 probare
1041 1879 1257 1930 unquam
1310 1882 1528 1928 possem,
1584 1879 1675 1911 nec

290 1937 524 1999 cuiquam
580 1932 888 1995 probandum
957 1947 1181 1994 sperem,
1249 1932 1406 1981 deseri
1452 1936 1480 1981 a
1534 1929 1676 1977 nobis

291 2002 378 2050 hos
416 1999 628 2063 populos
681 2012 784 2047 tam
821 1995 971 2046 dubio
1007 1999 1063 2050 ὅ(
1098 1997 1395 2048 calamitoso
1430 2013 1516 2047 suo
1551 2010 1678 2045 teni-

291 2083 438 2131 pore.
474 2070 643 2135 Qare
682 2063 835 2113 nolim
875 2067 946 2114 Te
985 2063 1052 2114 ire
1089 2081 1198 2113 cum
1251 2067 1452 2128 Joanne
1509 2062 1673 2112 Artia-

290 2138 385 2201 ga,
425 2139 525 2199 quo
564 2132 768 2192 invitat,
808 2129 892 2178 nisi
936 2131 1138 2195 quando
1176 2133 1362 2180 nullum
1403 2127 1544 2178 isthic
1571 2144 1674 2176 am-

288 2202 410 2264 plius
448 2198 720 2263 periculum
758 2198 850 2246 erit
885 2202 911 2246 a
955 2197 1188 2264 Badegis:
1229 2199 1289 2246 de
1326 2197 1495 2261 quibus
1534 2193 1672 2243 simul

288 2266 473 2333 aliquid
511 2270 653 2315 certo
690 2265 1021 2328 compereriffi
1078 2264 1188 2325 fac,
1245 2278 1440 2328 quaesQ
1503 2263 1674 2310 statim

289 2347 340 2384 ut
377 2334 610 2400 quidquid
649 2332 694 2380 id
736 2331 885 2379 fuerit
921 2348 1005 2394 per
1043 2345 1092 2381 te
1131 2331 1367 2380 resciam.

353 2419 396 2453 2.
437 2403 512 2450 Ad
549 2402 635 2449 hos
675 2397 962 2447 alliciendos
1008 2399 1068 2446 ad
1120 2412 1324 2460 pacem,
1381 2395 1488 2446 Rex
1554 2396 1670 2442 Tra-

1494 2477 1612 2513 van-
