1781 2889
228 198 747 250 EPISTOLARUM.
783 198 891 246 Lib.
926 202 992 246 Π.
1027 198 1115 262 Ep.
1153 197 1205 243 V.
1305 206 1392 259 ¹95

99 292 276 359 quidve
313 293 697 359 aggrediendum
731 296 757 343 e
796 294 891 342 Dei
929 307 1052 344 voto
1087 289 1458 340 sit.Verissime

100 361 283 408 dictum
336 372 410 407 est
478 360 536 409 de
603 358 863 408 mortalem
922 359 1224 409 trahentibus
1270 355 1456 412 vitain,

97 441 208 485 605,
247 438 302 474 ut
336 422 489 473 status
540 441 596 472 ac
632 425 928 474 conditionis
980 443 1072 474 suae
1122 421 1336 473 officium
1390 435 1463 469 te-

100 503 277 551 neant,
301 491 605 539 advenarum
627 508 730 540 esse
756 490 930 539 similes
953 507 1010 540 ac
1046 486 1458 556 peregrinantium

97 569 354 618 oportere,
410 556 584 604 nullius
658 556 935 619 implicatos
987 557 1172 606 affectu
1225 553 1322 602 loci
1372 564 1459 601 aut

96 621 197 682 rei,
236 623 489 686 quominus
528 621 677 671 libere
714 623 929 670 volitent
979 623 1035 674 &
1071 618 1288 685 expediti
1341 618 1458 665 emi<

97 699 252 735 neant
306 703 604 751 quocunque
650 688 779 736 ratio
815 687 1031 746 itineris,
1082 702 1140 734 ac
1190 684 1291 748 spei
1325 699 1460 730 com<

97 754 330 813 pendium
368 752 690 802 invitaverit.
737 754 814 803 Ad
849 755 944 801 hoc
979 750 1256 814 exemplum
1292 760 1458 796 nostra

102 819 150 866 in
189 818 348 881 primis
385 820 433 865 in
469 819 715 880 diversaS‚
751 821 976 883 adeoque
1011 816 1281 865 contrarias
1300 814 1456 880 regio-

98 899 211 932 num
248 898 333 932 aut
371 884 681 949 negotiorum
707 898 866 946 partes
904 882 1191 949 parivigens
1227 880 1458 929 alacrita-

93 962 148 998 te
186 963 314 998 stare
351 951 606 1011 procincta
643 950 790 998 debet
823 947 973 997 animi
1008 946 1336 1011 praeparati03
1372 961 1459 993 an-

94 1015 232 1075 cipiti
270 1015 509 1079 obsequio
556 1029 784 1079 prompta
837 1014 1039 1063 evolare
1091 1013 1309 1076 protinus
1359 1013 1460 1075 qu&

96 1080 340 1129 mittentis
391 1081 608 1129 indicata
674 1080 935 1144 propensio
989 1078 1220 1127 flexerit.
1272 1079 1460 1141 Ortus,

95 1149 345 1206 Occasus,
414 1150 622 1203 Auster,
690 1158 775 1194 aut
827 1147 1033 1201 Boream,
1085 1143 1290 1206 perinde
1346 1154 1457 1189 sunt

92 1213 293 1271 omnia3
343 1227 441 1258 uno
479 1211 526 1258 in
576 1210 646 1258 his
681 1211 872 1259 cunctis
909 1208 1205 1259 observabili
1239 1208 1300 1255 ad
1355 1206 1455 1254 ele-

91 1277 309 1326 ctionem
347 1275 655 1336 discrimine,
693 1276 774 1323 ubi
811 1275 913 1339 plus
951 1275 1167 1322 minusve
1220 1285 1457 1335 opportu-

89 1341 256 1390 nitatis
291 1342 526 1407 aflulgeat
562 1341 736 1391 Divini
785 1341 983 1390 honoris
1017 1338 1312 1389 luculentius
1360 1336 1454 1386 uti-

42 1428 47 1433 ’
88 1407 276 1471 litisque
314 1407 669 1470 promovendi.

158 1489 200 1539 3.
236 1474 397 1522 Certis
432 1473 675 1521 indicatur
708 1471 824 1521 mihi
857 1471 1064 1533 nuntiis,
1115 1469 1286 1534 aperiri
1322 1468 1454 1517 circa

92 1537 345 1587 Malacam
380 1539 557 1587 ostium
593 1538 762 1605 ingens
796 1539 1095 1604 Evangelio,
1133 1540 1191 1590 &
1224 1550 1453 1597 campum

91 1602 285 1652 ostendi
321 1620 418 1671 quo
455 1620 711 1653 excurrere
747 1605 1009 1663 industria,
1063 1619 1177 1652 cum
1223 1616 1306 1664 spe
1342 1599 1456 1647 insi.

89 1668 197 1732 gnis
233 1669 293 1715 ad
349 1667 446 1718 Dei
499 1670 785 1732 obsequium
838 1668 1147 1732 operaepretii
1201 1661 1455 1715 verisimil-

90 1733 486 1805 lima‚videatur
522 1748 690 1784 nostra
726 1750 898 1797 posse:
938 1737 1106 1784 deesse
1143 1733 1320 1796 quippe
1355 1729 1456 1780 illic

91 1814 343 1860 operarios
397 1815 538 1848 messi
576 1813 810 1849 matura-e:
864 1800 934 1848 ita
969 1812 1025 1847 ut
1059 1799 1176 1847 satis
1228 1807 1457 1853 constet,

89 1881 176 1913 cur
229 1880 398 1912 eorum
446 1877 693 1915 tractuum
748 1864 938 1927 plurimi
975 1865 1038 1913 ad
1092 1862 1277 1914 Christi
1320 1859 1458 1912 Reii-.

92 1930 291 1996 gionem
342 1946 440 1977 non
488 1930 792 1990 convolent,
845 1932 1041 1980 unicam
1077 1946 1177 1980 esse
1230 1943 1458 1986 causam,

97 1996 227 2059 quod
264 1998 293 2045 a
347 1995 540 2045 nemine
597 2008 873 2046 vocentur.
925 2001 1047 2046 Haec
1096 2012 1206 2054 me,
1258 1992 1460 2051 fateor,

95 2061 325 2121 occasio,
363 2061 694 2124 amplificandi
739 2058 920 2113 Christi
972 2062 1134 2127 Regni
1188 2061 1245 2111 &
1294 2055 1459 2122 profe-

93 2127 354 2175 rendorum
373 2126 601 2176 Ecclesiae
638 2126 830 2186 finium,
867 2127 1188 2192 pellacissime
1222 2124 1455 2174 allectat:

92 2192 176 2240 sed
211 2203 351 2241 tenet
398 2189 476 2241 hic
527 2191 915 2256 Jafanapatense
966 2193 1254 2260 negotium,
1300 2189 1459 2237 adhuc

91 2257 285 2305 incerto
322 2259 561 2308 fluctuans
600 2258 734 2307 exitu
758 2296 769 2307 .
804 2258 902 2308 Hic
938 2274 1059 2307 unus
1096 2254 1462 2307 deliberationis

94 2321 320 2376 haerentis
358 2323 418 2377 de
467 2324 579 2376 mea
622 2323 940 2390 profectione
974 2322 1252 2378 Malacensi
1304 2321 1461 2373 nodus

700 2392 751 2442 N
786 2406 819 2443 z
1285 2399 1392 2450 estg
