1781 2889
380 189 453 245 ,34
641 174 691 224 S.
716 171 1092 227 FRANCISCI
1129 169 1426 225 XAVERII

319 260 534 335 legium3
570 285 816 342 unamque
852 268 972 319 item
1008 253 1208 318 domum
1246 268 1575 330 Nostrorum,
1608 267 1707 335 hac

321 349 398 383 est
451 335 715 385 Societatis
765 337 911 399 Jesu.
963 336 1051 385 His
1101 333 1396 385 aedificandis
1448 348 1710 387 remanent

320 399 404 450 hic
439 415 569 462 tres,
610 401 853 467 Magister
888 400 1089 462 Simon,
1141 401 1384 466 Magister
1418 399 1708 461 Gonzalus,

318 467 379 518 δε
414 466 540 515 alter
575 467 814 515 Sacerdos
846 466 975 528 Juris
1011 468 1203 516 Canoni
1210 470 1252 516 ci
1303 466 1519 530 peritus.
1556 465 1712 520 Multi

320 532 406 581 alii
442 547 492 579 se
530 532 577 578 in
615 531 714 580 dies
751 532 1000 595 produnt,
1036 532 1352 595 offeruntque
1389 533 1448 581 ad
1485 532 1710 582 Societa-

319 611 424 645 tem
471 596 767 645 ineundam.
821 599 974 646 Porro
1027 613 1128 646 non
1181 598 1572 671 perfunctorium
1621 611 1711 651 aut

320 675 499 711 nutans
536 665 630 712 hoc
667 662 973 727 propositum
1008 663 1158 730 Regis
1215 675 1288 713 est
1340 664 1543 714 istarum
1598 668 1709 716 Do·-

322 744 488 776 muum
540 729 936 802 excitandarum‚
985 730 1068 777 sed
1089 702 1268 778 &fixum
1317 731 1711 795 vehemensque.

322 795 520 859 quoties
558 811 618 844 ex
656 796 825 860 aliquo
861 794 959 867 jam
997 809 1221 859 tempooe
1258 796 1391 844 illum
1441 797 1712 861 adivimus,

322 860 458 909 illam
492 877 627 910 suam
664 860 759 911 ultr
741 866 797 911 ὸ
832 860 1074 934 professus
1112 862 1286 910 voiunt
1292 878 1425 910 atem
1464 876 1568 923 est,
1617 881 1715 913 ser..

322 926 816 987 monemhujusmodi
845 926 1271 992 primusinfeiens
1291 928 1464 978 null-a
1440 931 1614 992 praevia
1635 932 1716 1004 (r)

322 993 642 1066 suggestione
679 996 873 1067 nostra,
910 1008 994 1044 aut
1043 993 1312 1044 amicorum
1349 966 1475 1067 quors
1506 1011 1716 1052 tooave-

320 1034 498 1121 rimn53
535 1076 596 1111 ex
632 1061 829 1125 proprio
878 1062 1021 1123 plane
1074 1061 1278 1110 arbitrio
1333 1047 1615 1126 iudicioque
1664 1062 1715 1112 in

319 1124 370 1174 id
407 1125 580 1176 domos
616 1127 731 1177 istas
768 1118 1045 1176 aedificandi
1090 1127 1346 1177 consilium
1399 1129 1584 1191 prodit.
1621 1129 1714 1177 Lo-

323 1207 437 1240 cum
475 1192 568 1241 illis
616 1193 861 1254 destinat,
918 1194 1192 1243 Civitatem
1246 1195 1494 1243 Eboram.
1549 1194 1714 1244 Credo

323 1258 461 1306 illum
498 1257 708 1309 scribere
763 1259 824 1309 ad
872 1260 1199 1317 Pontificem,
1253 1275 1309 1309 ut
1361 1260 1586 1332 aliquos,
1624 1272 1714 1311 aut

323 1324 539 1396 aliquem
576 1345 601 1376 e
639 1324 899 1375 Societate
936 1328 1029 1375 huc
1055 1327 1261 1398 mittat,
1299 1343 1380 1391 qui
1421 1327 1714 1394 Magistrum

325 1389 578 1440 Simonem
630 1392 678 1441 in
735 1391 806 1441 his
859 1391 1108 1455 principiis
1145 1390 1414 1449 adjuvent.
1450 1395 1561 1444 Rex
1598 1397 1714 1443 sane

322 1455 405 1505 ille
443 1458 655 1521 optimus
691 1475 777 1508 suo
815 1456 912 1508 isto
965 1471 1109 1509 tanto
1164 1456 1347 1508 affectu
1400 1457 1449 1506 in
1497 1471 1715 1509 nostram

323 1523 671 1584 Societatem,
726 1523 860 1581 cuius
912 1537 1234 1591 augmentum
1288 1535 1434 1588 optat
1487 1539 1714 1598 tanquam

325 1608 443 1638 unm
478 1609 540 1639 ex
562 1593 644 1657 (2)
667 1594 825 1651 nohis,
861 1603 1025 1639 totum
1048 1591 1095 1638 id
1115 1606 1264 1653 avens
1311 1589 1418 1640 solo
1455 1589 1716 1643 instinctus

323 1670 492 1705 amore
529 1672 588 1706 ac
625 1655 951 1730 veneratione
991 1656 1090 1707 Dei
1128 1654 1337 1707 Domini
1389 1658 1573 1717 nostri,
1609 1674 1712 1707 ma-

321 1738 423 1793 gno
461 1738 550 1769 nos
585 1721 675 1772 sibi
712 1722 921 1772 vicissim
958 1721 1127 1773 officio
1178 1722 1404 1774 devincit
1449 1724 1714 1788 profitendi

323 1803 371 1836 ei
406 1789 789 1862 praestandique
804 1803 1090 1862 perpetuam
1125 1803 1309 1855 propter
1362 1793 1515 1839 Deum
1562 1789 1713 1841 servi-

321 1863 516 1902 tutem:
557 1855 679 1905 nihil
712 1855 843 1905 enim
880 1872 1038 1905 minus
1075 1854 1307 1920 profecto
1358 1855 1567 1907 debetur
1608 1868 1712 1909 tam

321 1918 558 1969 beneficae
609 1920 914 1987 prolixaeque
968 1874 1251 1983 volupntati,
1305 1923 1435 1972 haud
1486 1938 1536 1972 se
1581 1920 1711 1974 intra

324 1984 540 2038 otiosam
574 1987 962 2041 destinationem
997 1987 1314 2051 continenti,
1359 1989 1441 2040 sed
1487 1987 1618 2103 ultlro
1652 2005 1711 2043 ac

1568 2069 1643 2104 ar-

362 2223 1708 2257 κκκκκκκκκγκππππμππνψκκκκκκκκκ.

382 2272 444 2318 (x)
477 2271 581 2313 Cut.
610 2271 724 2330 Qin
770 2287 839 2312 nos·
885 2274 921 2315 ei
951 2288 1132 2328 unquam
1175 2273 1342 2312 verbum
1384 2271 1600 2324 fecerimus
1642 2284 1714 2314 nec

488 2337 559 2379 per
588 2342 691 2381 nos,
722 2342 791 2368 nec
816 2338 888 2389 per
917 2331 1063 2376 tertias
1085 2340 1305 2385 personas.

380 2381 444 2433 (2)
475 2384 581 2428 Cut.
610 2387 674 2426 Ex
700 2393 878 2429 nosem-
