1781 2889
385 223 481 276 280
617 223 667 272 S.
703 219 1078 272 FRANCISCI
1114 223 1415 274 XAVERII
1530 241 1534 245 ’
1586 248 1593 273 ι

322 321 477 370 mines
512 321 767 368 immanes
787 334 846 366 ac
883 318 1108 381 barbari,
1127 321 1348 393 perfidia
1378 319 1700 387 insignes,&

322 388 598 436 mirandum
635 386 684 432 in
721 385 922 433 modum
958 384 1170 452 ingrati.

394 470 466 502 12.
504 455 629 500 Sunt
667 451 818 499 etiam
856 428 1271 502 insr1lae³n0nullae
1324 452 1374 501 in
1429 453 1526 502 hoc
1562 454 1706 502 maris

321 532 521 577 tractu,
557 533 762 582 quarum
817 517 994 566 incolae
1043 520 1258 590 humana
1303 535 1450 569 carne
1502 536 1710 569 vescun-

324 598 436 644 tur,
476 584 744 658 praesertim
782 584 1030 656 hostium,
1081 586 1160 649 qui
1198 584 1246 633 in
1298 601 1460 652 pugna
1514 587 1709 636 cecide-

323 650 454 700 rint.
490 651 641 734 Qod
676 651 712 698 si
759 650 863 715 quis
917 651 1302 700 domesticorum
1353 653 1529 703 morbo
1582 654 1722 710 inte-v

323 730 432 766 reat
456 750 502 778 ,
490 736 517 767 a
538 729 709 766 cetero
732 717 930 789 quidem
967 717 1223 767 abstinent
1245 732 1453 780 corpore
1474 720 1587 778 ‚sed
1608 735 1711 767 ma-

325 799 410 832 nus
446 800 504 832 ac
540 783 688 846 pedes
725 797 951 846 praecisos
986 783 1036 832 in
1074 782 1261 833 deliciis
1297 782 1505 834 habent.
1541 789 1709 859 Atque

323 850 476 899 etiam
515 850 589 922 (si
627 847 769 898 famae
807 849 932 899 libet
984 851 1228 915 credere)
1278 855 1342 899 eo
1388 849 1710 900 immanitatis

322 916 738 982 progrediuntur,
776 928 833 965 ut
868 915 1021 966 sicui
1073 917 1255 966 lautius
1307 916 1594 972 convivium
1648 916 1713 967 sit

324 984 694 1045 apparandum,
749 981 970 1054 postulet
1020 1001 1049 1033 a
1102 984 1268 1033 vicino
1337 996 1528 1046 patrem
1587 998 1709 1033 natu

322 1050 591 1114 grandem,
633 1065 777 1114 quem
814 1045 1089 1115 jugulatum
1127 1049 1300 1099 vicinis
1326 1051 1388 1099 ad
1409 1049 1711 1114 epulandum

322 1129 580 1190 apponat:
604 1115 824 1178 postulet
860 1128 1031 1165 autem
1070 1132 1129 1165 ea
1167 1114 1482 1190 conditione,
1519 1129 1573 1166 ut
1607 1115 1710 1181 ipse

321 1181 532 1231 vicissim
569 1198 739 1245 parem
775 1181 990 1247 gratiam
1027 1183 1347 1245 repromittat
1393 1182 1470 1242 ei,
1524 1199 1554 1232 a
1605 1198 1706 1248 quo

325 1249 423 1297 hoc
460 1247 686 1299 beneficii
724 1262 875 1311 petit,
913 1265 947 1297 si
987 1250 1190 1314 quando
1244 1248 1280 1296 is
1336 1249 1554 1298 voluerit
1588 1264 1708 1297 con-

320 1312 480 1364 simile
516 1314 753 1364 instruere
789 1315 1110 1364 conviv.1um
1148 1314 1308 1364 Tanta
1361 1319 1512 1378 porro
1563 1327 1708 1376 sunt,

322 1384 525 1445 tamque
573 1380 774 1429 immani
827 1381 1060 1441 libidine,
1114 1394 1170 1429 ut
1221 1395 1391 1429 omnes
1445 1380 1713 1444 suscipiant

321 1446 658 1510 impuritateS.
695 1449 829 1496 Intra
865 1463 1083 1497 mensem
1119 1446 1363 1510 proficisci
1399 1446 1447 1495 in
1502 1447 1709 1496 insulam

321 1515 533 1579 cogito,
598 1513 677 1562 ubi
720 1525 908 1575 praeter
960 1514 1181 1561 inaudita
1237 1512 1465 1578 flagitia,
1520 1511 1710 1562 facinus

325 1593 589 1646 utrumque
627 1579 876 1628 committi
914 1579 1066 1644 vulgo
1089 1578 1251 1638 solet,
1290 1591 1345 1627 ut
1380 1580 1437 1631 &
1473 1594 1623 1629 caesos
1658 1579 1709 1628 in

322 1646 493 1709 praelio
529 1647 833 1704 comedant,
871 1646 928 1697 δε
964 1659 1193 1709 parentes
1231 1644 1416 1694 affecta
1451 1658 1601 1695 aetate
1638 1646 1710 1695 vi-

322 1713 450 1761 cinis
485 1725 683 1763 mutuos
719 1713 839 1760 dent
876 1712 937 1759 ad
977 1711 1174 1775 epulas.
1197 1713 1360 1760 Causa
1397 1711 1709 1774 proficiscen-

323 1779 370 1826 di
408 1791 510 1839 est,
562 1780 692 1844 quod
749 1794 833 1826 eos
869 1796 896 1827 a
934 1791 1034 1826 tam
1084 1776 1283 1826 nefariis
1332 1777 1595 1827 sceleribus
1646 1794 1706 1826 ac

321 1845 522 1911 flagitiis
560 1847 621 1895 ad
660 1845 996 1896 Christianam
1033 1843 1274 1909 pietatem
1310 1844 1540 1895 converti
1576 1842 1705 1895 velle

320 1911 568 2000 cognovi.

392 1996 465 2045 13.
504 1977 679 2027 Insulnc
716 1990 827 2027 sunt
863 1976 986 2027 mira
1022 1974 1138 2026 coeli
1176 1975 1449 2041 temperie,
1487 1974 1702 2040 proceris

320 2045 584 2108 densisque
622 2044 871 2093 arboribus
908 2043 1225 2108 frequenteS,
1261 2044 1440 2094 crebris
1476 2042 1703 2091 imbribus

319 2112 565 2177 irrigatae,
620 2111 872 2174 praeruotis
925 2110 1140 2176 undique
1209 2110 1408 2160 munitae
1472 2109 1699 2171 rupibuS‚

317 2179 580 2243 arduaeque
617 2179 674 2231 6(
711 2177 917 2226 excelsae
955 2177 1116 2237 adeo,
1151 2191 1208 2227 ut
1245 2176 1418 2226 incolis
1453 2175 1701 2248 haudqua-

317 2260 465 2309 quam
520 2261 640 2307 opus
691 2243 754 2292 sit
808 2243 1050 2292 moenibus
1100 2243 1161 2291 ad
1215 2242 1424 2293 hostium
1459 2241 1700 2304 impetum

318 2310 738 2374 propulsandum.
768 2312 894 2359 Cum
933 2310 1062 2358 enim
1102 2309 1330 2358 bellumi
1318 2307 1527 2374 ingruit,
1580 2308 1697 2358 satis

318 2384 453 2534 {tos
488 2393 540 2427 se
576 2375 683 2428 fore
720 2377 1010 2439 confidunt,
1047 2376 1084 2426 si
1120 2391 1170 2425 se
1205 2377 1265 2425 ad
1285 2391 1425 2440 rupes
1449 2372 1695 2436 recipiant

1487 2456 1626 2491 suas:
