1781 2889
307 208 373 259 <58
544 210 592 259 S.
629 209 1000 263 FRANCISCI
1038 208 1336 263 XAVERII

244 322 352 358 rum
405 304 486 354 ani
493 305 579 355 mis
633 306 889 357 serendum
941 307 1155 358 instituti
1203 325 1304 359 esse
1341 308 1638 361 videantur.

312 393 360 440 4.
399 373 664 424 Mandavit
701 373 819 424 mihi
854 375 1061 434 Praetor,
1099 387 1155 424 ut
1206 377 1265 425 de
1319 375 1412 424 hoc
1463 374 1636 426 Colle-

244 439 358 508 gio,
396 437 598 504 ejusque
633 438 948 489 institutione
985 440 1199 504 pluribus
1245 442 1305 490 ad
1353 456 1402 492 te
1455 441 1634 491 scribe·

243 523 376 569 rem3
429 506 598 578 itaque
651 503 865 555 faciam‘.
919 506 1206 556 Institutum
1260 505 1406 574 igitur
1440 507 1487 556 id
1525 521 1638 568 est,

244 572 517 646 indigenis,
566 571 912 636 variarumque
964 572 1224 621 nationum
1275 575 1434 636 pueris
1490 573 1631 623 Chri-

242 619 404 688 §tiana
439 636 684 703 religione
721 637 1026 697 imbuendis,
1066 636 1148 703 qui
1183 639 1360 690 deinde
1389 654 1502 690 satis
1523 655 1629 690 eru-

242 705 332 753 diti
370 705 542 754 domos
579 704 932 765 remittantur,
980 705 1041 752 ad
1092 719 1201 754 suos
1249 706 1509 769 populares
1545 708 1642 759 do-.

239 771 460 822 cendos.
499 770 662 820 Nullis
716 771 877 820 verbis
923 771 1163 836 consequi
1217 772 1425 843 possim,
1479 788 1630 845 quan-

239 851 416 901 topere
453 839 640 888 Praetor
677 838 986 887 Societatem
1023 852 1274 900 nostram,
1324 853 1522 901 ejusque
1559 855 1633 886 in-

238 904 467 954 stitutum
504 904 720 967 probet.
756 902 835 953 Sic
875 903 1007 954 enim
1044 918 1242 964 censet,
1281 904 1514 970 quoniam
1546 921 1632 969 per

236 985 288 1020 te
326 970 375 1019 in
414 973 720 1021 Societatem
757 970 866 1018 Filii
903 969 974 1018 sui
1011 985 1099 1019 nos
1135 987 1305 1020 omnes
1340 971 1522 1022 DEUS
1545 988 1632 1019 vo-

237 1037 410 1098 cavit3
449 1054 499 1086 se
537 1040 595 1090 δε
633 1039 780 1089 DEO
816 1038 872 1089 &
920 1051 1008 1086 suo
1069 1036 1238 1086 officio
1287 1050 1390 1086 tum
1435 1038 1647 1094 demum,

238 1102 636 1175 satisfacturum,
693 1103 727 1152 si
783 1120 928 1168 quam
966 1103 1241 1153 necessaria
1288 1105 1350 1154 sit
1401 1103 1629 1153 alumno-

234 1187 341 1222 rum
394 1169 530 1231 hujus
579 1170 797 1239 Collegii
860 1170 1140 1232 institutio,
1196 1183 1246 1219 te
1300 1187 1386 1235 per
1437 1169 1633 1220 littera<

234 1238 517 1287 docendum
569 1212 852 1298 curaverit,
902 1249 957 1285 ut
1003 1238 1065 1285 ad
1121 1253 1230 1286 eam
1283 1254 1384 1287 rem
1432 1237 1628 1302 aliquot

231 1307 330 1354 huc
366 1305 393 1353 ὲ
431 1302 691 1353 Societate
747 1303 1019 1352 mittendos
1074 1316 1243 1365 puteS.
1297 1306 1446 1352 Suum
1496 1318 1625 1352 enim

233 1386 336 1419 esse
375 1369 446 1419 ait
482 1372 575 1420 hoc
612 1369 893 1438 Collegium
930 1370 1272 1430 exaedificare3
1328 1383 1464 1420 tuum
1518 1369 1623 1426 ido-

230 1436 336 1486 neis
373 1436 687 1485 alumnorum
739 1412 979 1502 magistris
1026 1436 1298 1485 instruere.
1356 1437 1520 1496 Ilcm,
1559 1436 1618 1484 ad

229 1503 525 1553 Christianae
595 1503 851 1570 religionis
922 1503 1261 1570 dignitatem,
1325 1502 1623 1567 pietatisque

227 1571 361 1619 hisce
399 1570 447 1619 in
484 1568 607 1619 locis
643 1585 1008 1629 accessionem,
1046 1571 1254 1629 multum
1291 1567 1472 1619 referre
1523 1581 1619 1618 sta-

228 1636 349 1696 tuit,
388 1635 591 1699 impetra
583 1635 638 1684 ri
673 1639 702 1686 a
743 1639 893 1689 Rom.
928 1635 1112 1686 Pontis.
1148 1635 1473 1710 privilegium
1521 1650 1617 1684 arae

224 1702 447 1752 maximae
483 1701 621 1761 hujus
657 1703 864 1776 templi3
911 1715 966 1752 ut
1019 1701 1214 1768 quoties
1265 1703 1327 1751 ad
1382 1718 1491 1751 cam
1531 1703 1617 1750 Sa-

225 1786 363 1820 crum
401 1786 489 1831 pro
527 1769 740 1818 mortuis
769 1771 885 1827 fiat,
923 1769 1073 1819 toties
1111 1786 1206 1819 una
1243 1769 1407 1816 anima
1432 1767 1617 1820 exima-

222 1849 303 1887 tur
337 1840 364 1886 ὲ
400 1839 465 1885 Pu
440 1837 727 1902 urgatorio3
780 1834 1003 1886 similiter
1050 1849 1107 1886 ut
1153 1836 1188 1883 si
1243 1837 1418 1886 Romae
1473 1836 1615 1885 fieret

224 1904 288 1952 ad
338 1875 555 1963 altaria,
614 1920 717 1967 quae
771 1901 1086 1977 privilegiata
1137 1903 1397 1952 dicuntur.
1450 1904 1614 1966 Atque

228 1970 291 2019 ad
328 1969 593 2019 arcendam
633 1970 957 2019 Sacerdotum
1004 1969 1070 2018 ibi
1124 1965 1374 2019 celebrare
1409 1968 1611 2031 cupien-

221 2036 346 2086 tium
384 2033 674 2097 avaritiam,
711 2035 932 2100 diploma
970 2036 1040 2085 ita
1076 2036 1315 2109 componi
1350 2033 1533 2093 vellet,
1555 2045 1610 2081 ut

219 2102 342 2152 illud
380 2102 535 2166 ipsum
571 2101 642 2152 ita
678 2104 1072 2163 concederetur,
1129 2119 1164 2150 si
1217 2102 1456 2152 Sacerdos
1500 2115 1610 2165 gra-

217 2173 314 2230 tis,
353 2169 590 2233 nullaque
643 2186 726 2234 spe
781 2169 964 2233 praemii
999 2186 1058 2218 ac
1095 2168 1332 2218 mercedis
1385 2167 1608 2216 humanae

220 2237 283 2285 ad
319 2252 456 2285 aram
510 2236 645 2285 illam
696 2237 815 2286 Miss
822 2255 858 2286 ae
910 2235 1203 2286 sacrificium
1252 2233 1467 2283 faceret:
1524 2232 1604 2297 qni

216 2315 385 2351 autem
421 2319 524 2354 rem
565 2302 808 2353 Divinam
846 2302 1130 2352 faciendam
1191 2310 1448 2357 curarent,
1488 2313 1609 2347 con-

214 2366 430 2423 fessione
475 2368 691 2437 expiati,
742 2381 1066 2422 sacrosanctae
1131 2332 1459 2479 Eucharistiae}³
1521 2365 1606 2414 sub

1415 2447 1429 2478 l
1465 2443 1542 2481 em
