1781 2889
382 241 482 279 222
619 226 668 275 S.
707 225 1087 276 FRANCISCI
1124 224 1422 277 X-AVERII

317 312 320 316 ⁴
386 340 460 391 15.
498 319 787 372 Perfunctus
825 321 873 368 in
910 322 1038 371 hunc
1059 321 1258 373 modum
1283 318 1513 371 universa
1529 321 1704 407 explo-

321 405 521 440 ratione
558 390 730 436 decem
771 388 1154 448 Mandatorum‚
1192 388 1489 453 pronunciet
1526 390 1703 442 intima

317 458 496 506 mentis
533 454 819 502 attentione
858 454 959 502 haee
996 469 1081 502 aut
1117 455 1186 503 his
1207 455 1560 521 aequivalentia
1593 472 1701 507 ver-

319 524 414 571 ba:
455 520 735 570 Certissime
782 520 958 579 medo,
993 518 1100 569 fore
1137 534 1223 581 ut,
1259 538 1328 575 si,
1367 523 1499 592 quod
1537 522 1697 584 absit,

314 599 690 653 piaeoccuparet
727 602 804 634 me
840 601 1001 646 mors,
1040 588 1259 635 nondum
1298 601 1505 651 expiato
1532 588 1702 654 aliquo

312 671 452 727 giayi
508 666 720 717 peccato
774 665 952 702 contra
1001 653 1248 717 quoddam
1298 668 1359 701 ex
1415 655 1486 702 his
1523 655 1701 704 decem

316 720 417 771 Dei
457 719 711 781 praeceptis
748 722 776 768 a
814 735 890 768 me
927 735 1223 780 commisso,
1260 716 1429 768 statim
1465 720 1733 771 inexora-‘

311 787 475 861 biliter
511 783 685 834 infelix
722 786 885 834 anima
923 801 1031 834 mea
1069 790 1306 834 damnata
1353 784 1703 837 detruderetur

313 852 362 901 in
399 852 749 915 sempiternum
787 852 1071 902 incendium
1108 850 1314 912 inferni,
1365 851 1467 902 illic
1504 870 1588 916 per
1623 867 1700 903 to-

310 932 416 969 tam
455 921 790 968 aeternitatem
825 935 928 968 sine
967 919 1063 968 ulla
1093 919 1437 983 redemptione
1472 919 1701 968 crucian-

311 987 406 1034 da.
444 985 578 1034 Ilem
618 986 800 1048 pariter
848 987 1260 1049 persuasissimum
1309 985 1498 1046 habeo,
1554 985 1702 1049 plane

310 1051 560 1112 futurum,
600 1064 653 1100 ut
690 1053 758 1112 si,
795 1053 930 1117 quod
967 1068 1109 1115 spero
1167 1053 1223 1106 δε
1275 1052 1460 1114 cupio,
1498 1054 1699 1125 quando

309 1119 540 1168 ultimum
578 1117 799 1181 spiritum
837 1119 1068 1180 reddam,
1091 1122 1297 1167 mundus
1318 1115 1458 1167 fuero
1479 1120 1541 1166 ab
1562 1135 1696 1168 omni

307 1185 457 1234 cul>a
495 1184 695 1246 lethali,
735 1153 1398 1251 &,s11amhinecor1igam
1437 1185 1697 1247 pessimum

310 1268 503 1301 moi-em
542 1253 786 1314 peccandi
823 1268 998 1301 contra
1035 1254 1208 1300 decem
1266 1226 1361 1301 Dei
1423 1252 1694 1314 Man-lata,

311 1316 559 1377 futurum,
598 1317 827 1382 inquam„
866 1334 920 1367 ut
959 1321 1094 1368 Deus
1134 1318 1379 1367 Dominus
1407 1319 1592 1368 Noster
1612 1319 1698 1366 rni-

309 1397 532 1433 sereatur
567 1385 740 1432 animae
789 1401 934 1442 meae,
973 1388 1026 1437 &
1067 1385 1382 1449 quantumvis
1438 1384 1591 1434 multa
1646 1383 1696 1433 in

308 1451 418 1499 vita
454 1450 799 1514 peccaverim,
837 1452 1078 1513 pei-duent
1115 1467 1193 1498 me
1229 1449 1515 1500 adsalutem
1553 1464 1696 1500 aeter-

308 1532 450 1575 nam,
510 1533 614 1581 (με
667 1530 742 1565 est
792 1518 949 1582 gloria
998 1517 1238 1577 paradisi,
1295 1517 1422 1578 prius
1479 1517 1692 1579 expiatis

305 1594 631 1646 peccatorum
684 1583 915 1640 maculiz,
970 1597 1056 1632 aut
1108 1599 1194 1645 per
1248 1582 1444 1631 labores
1481 1584 1537 1636 &
1571 1599 1692 1632 aeru-

306 1664 445 1696 mnas
482 1661 594 1697 vitae
631 1649 880 1712 patienter
915 1649 1185 1710 tolerata5‚
1224 1662 1312 1698 aut
1336 1665 1424 1714 per
1444 1648 1692 1699 cruciatus

303 1714 614 1781 Purgatoiii.

378 1784 453 1833 16.
488 1776 773 1830 Prodeuntis
810 1783 953 1831 mane
991 1782 1142 1830 domo
1180 1778 1446 1831 Christiani
1483 1780 1690 1845 prImum

307 1847 403 1897 iter
439 1860 546 1896 esto
584 1848 645 1894 ad
685 1847 980 1910 Templum,
1019 1848 1098 1896 ubi
1139 1847 1393 1896 Sacrificio
1431 1847 1688 1898 incruento

307 1930 516 1978 praesens
551 1914 712 1962 adsit:
755 1915 865 1962 dum
905 1914 946 1961 id
984 1916 1233 1988 peragitur
1269 1915 1354 1962 has
1392 1928 1479 1964 aut
1514 1913 1689 1962 similes

307 1980 589 2037 orationes,
639 1994 842 2042 muite,
892 1982 947 2034 &
1000 1998 1034 2028 Si
1085 1981 1223 2030 lubet
1272 1996 1331 2029 ac
1382 1978 1549 2041 juvat,
1602 1996 1688 2030 ore

302 2048 491 2110 poterit
525 2044 735 2095 efferie.

378 2131 450 2177 17.
491 2112 711 2161 Domine
746 2113 907 2177 JESU
943 2112 1139 2163 Christe
1176 2129 1318 2162 amor
1370 2109 1527 2160 cordis
1564 2110 1683 2172 mei,

304 2195 392 2242 per
430 2178 535 2226 illas
591 2178 804 2242 quinque
860 2179 1060 2245 plagas,
1114 2196 1231 2243 quas
1269 2176 1378 2227 Tibi
1430 2177 1477 2223 in
1525 2179 1684 2227 Cruce

306 2247 413 2294 No
422 2261 479 2294 tii
534 2261 671 2294 amor
709 2245 918 2297 inflixit
957 2245 1158 2295 subveni
1199 2243 1374 2295 Servis
1424 2242 1517 2291 tuis
1564 2259 1685 2309 quos

303 2324 396 2362 tuo
437 2311 654 2374 pietioso
692 2313 940 2374 Sam-*uine
996 2311 1269 2362 redemisti.
1320 2313 1507 2358 Amen.

372 2379 445 2430 18.
485 2377 707 2428 Domine
741 2356 902 2443 JEsU
942 2379 1136 2429 Christe
1181 2374 1523 2442 benignissime
1577 2374 1683 2425 Sal·

1466 2454 1613 2492 vator
