1781 2889
387 203 485 262 320
617 189 669 238 s.
704 186 1081 239 FRANcisci
1119 190 1416 242 XAVERn

310 285 405 339 illo
440 289 625 338 summe
663 286 942 340 necessario
996 288 1346 348 SacramentO,
1401 286 1565 341 vestra
1612 287 1704 355 ipsi

317 370 467 405 manu
506 353 718 420 tingite,

385 439 429 471 2.
467 421 580 468 Scio
617 419 782 466 datum
822 416 1078 483 negotium
1118 418 1349 472 Accensis
1403 419 1573 486 Regiis
1625 419 1708 486 qui

317 485 662 554 praefecturam
687 501 732 531 in
753 484 812 533 ea
831 499 982 549 gente
1005 483 1222 547 aliquam
1260 499 1494 534 exercent
1519 503 1529 534 τ
1569 502 1709 537 com-

320 554 608 605 mendatum
686 550 807 600 item
865 550 1081 612 impense
1154 549 1622 612 patribusfamilias,
1655 564 1712 603 ut

317 620 459 672 simul
517 619 718 667 domum
756 618 842 664 sibi
880 622 1078 665 auctam
1115 631 1251 663 novo
1294 617 1560 684 conjugum
1601 634 1709 681 par-

316 698 373 737 tu
412 684 653 743 viderint,
689 683 824 732 ultro
861 682 1112 743 indicent,
1174 682 1230 733 &
1285 683 1515 744 Baptismi
1568 683 1722 732 mini-1

318 765 448 804 stros
483 763 772 798 accersant.
808 749 1081 802 Indormii·e
1120 760 1290 799 tamen
1310 747 1378 794 illi
1403 749 1588 801 fiduciae
1610 767 1712 799 non

319 817 553 881 expedit.
589 818 654 870 Et
693 814 896 865 Accensi
935 813 1054 861 alias
1104 828 1176 861 res
1228 829 1404 879 agen-t3
1440 816 1496 873 &
1543 831 1710 878 patres

318 883 680 936 obliviscentur
704 919 716 930 .
749 880 938 930 Parvuli
976 881 1171 930 interim
1211 881 1444 943 inexpiati
1495 881 1710 934 morien-

318 964 431 1002 tur.
489 952 565 998 lte
613 949 759 1016 igitur
812 961 898 999 vos
952 946 1372 1011 ipsi,.indagate,
1409 947 1710 1013 investigate

317 1028 675 1085 percontantes
714 1012 932 1062 ostiatim
971 1028 1126 1076 ecqua
1175 1013 1372 1072 mulier,
1397 1029 1456 1065 ex
1478 1030 1574 1078 quo
1597 1014 1711 1063 'illac

320 1081 596 1140 transistis,
633 1081 780 1130 enixa
818 1079 996 1129 foetum
1033 1079 1130 1139 sit3
1191 1080 1385 1143 ecquod
1436 1082 1712 1143 quomodo-

322 1163 533 1212 cumque
570 1147 637 1194 ibi
674 1147 946 1201 re.›eriatur
983 1148 1198 1193 nondum
1234 1145 1455 1194 a'olutum
1489 1146 1708 1211 aqualu-

321 1216 463 1266 strali
497 1229 677 1276 caput.
716 1213 811 1263 Vix
851 1227 1063 1277 unquam
1101 1212 1147 1259 id
1186 1210 1359 1264 frustra
1382 1212 1705 1276 quaesieritis,

317 1279 578 1348 proferent
612 1278 914 1339 infantu1053
954 1295 1038 1326 vos
1076 1278 1178 1326 sine
1215 1280 1351 1329 mora
1387 1279 1581 1330 Christo
1618 1277 1709 1325 ini-

321 1348 478 1399 tiate:
519 1348 573 1398 δι
612 1346 660 1392 in
699 1359 809 1394 tuto
848 1345 1014 1393 locate
1050 1345 1260 1393 salutem
1297 1347 1500 1404 animae,
1524 1344 1709 1408 absque

320 1412 416 1463 ista
451 1411 718 1461 sedulitate
770 1410 989 1475 graviter
1043 1410 1366 1470 periclitantis
1421 1412 1484 1460 de
1521 1407 1710 1469 jactura

321 1477 556 1530 facienda
597 1476 865 1527 Felicitatis
903 1476 1207 1537 semniternae
1233 1513 1244 1524 .

391 1559 434 1612 3.
473 1542 676 1591 Credite
714 1543 829 1589 mihi
867 1557 1104 1602 experto·
1139 1544 1325 1589 Totum
1361 1558 1422 1591 ex
1461 1541 1601 1590 nobis
1637 1540 1710 1588 in-

318 1623 397 1660 ter
445 1622 650 1674 *gentem
688 1607 829 1655 istam
852 1605 1052 1664 alicuius
1074 1608 1311 1656 momenti
1333 1606 1712 1672 operaepretium

323 1676 388 1724 ad
426 1675 523 1728 duo
563 1675 758 1723 demum
797 1670 961 1722 officia
999 1672 1260 1739 redigitur3
1292 1674 1713 1737 baptizandorum

319 1740 617 1798 infantium,
672 1740 728 1792 &
778 1755 1039 1801 puerorum
1110 1752 1378 1804 utcumque
1443 1739 1714 1802 disciplinae

323 1806 607 1870 capacium,
662 1805 1073 1854 erudiendorum.
1131 1808 1299 1878 Qare
1351 1807 1443 1854 hoc
1497 1806 1711 1855 alterum

322 1874 426 1938 pari
481 1886 567 1922 aut
621 1869 792 1931 majori
847 1870 1161 1920 solicitudine
1199 1873 1526 1921 accurandum
1575 1870 1714 1920 vobis

321 1938 556 2006 iniungo,
603 1951 657 1986 ut
712 1936 1048 1991 efficacissime
1085 1938 1355 2000 procuretis
1409 1940 1511 1987 sine
1563 1937 1716 1986 inter·

323 2006 559 2057 missione
595 2004 761 2053 doceri
800 2019 976 2066 pueros
1001 2041 1012 2053 .
1047 2005 1359 2065 Procuretis,
1397 2004 1628 2070 inquam,
1668 2001 1715 2051 id

324 2071 432 2124 fieri
471 2087 557 2134 per
592 2070 740 2129 alios,
781 2086 893 2118 nam
931 2086 1046 2128 vos,
1085 2087 1208 2133 quos
1247 2086 1345 2118 non
1382 2070 1589 2134 expedit
1613 2067 1716 2117 ullo

321 2137 374 2188 in
409 2135 641 2201 singulari
699 2150 828 2202 pago
885 2149 1067 2185 statum
1117 2151 1176 2183 ac
1228 2137 1376 2184 fixum
1413 2133 1717 2184 domicilium

322 2200 532 2262 habere,
571 2202 652 2250 sed
690 2218 880 2264 semper
918 2201 1174 2265 expeditos·
1211 2203 1348 2250 obire
1370 2202 1480 2253 loca
1502 2214 1714 2264 cuncta,

323 2271 380 2324 &
410 2268 668 2336 invigilare
691 2267 945 2318 lustrando
964 2269 1303 2331 cursandoque
1340 2284 1425 2331 per
1460 2267 1716 2334 regionem

326 2349 529 2398 totam,
565 2332 871 2401 profectibus
923 2333 1059 2385 istius
1111 2334 1375 2397 Ecclesiae,
1426 2333 1511 2382 tali
1550 2331 1715 2396 provi-

1523 2400 1643 2450 den-
