<?xml version="1.0" encoding="UTF-8"?>
<!DOCTYPE html PUBLIC "-//W3C//DTD XHTML 1.0 Transitional//EN"
    "http://www.w3.org/TR/xhtml1/DTD/xhtml1-transitional.dtd">
<html xmlns="http://www.w3.org/1999/xhtml" xml:lang="en" lang="en">
 <head>
  <title>
</title>
<meta http-equiv="Content-Type" content="text/html;charset=utf-8" />
  <meta name='ocr-system' content='tesseract 3.04.00' />
  <meta name='ocr-capabilities' content='ocr_page ocr_carea ocr_par ocr_line ocrx_word'/>
</head>
<body>
  <div class='ocr_page' id='page_1' title='image "./sfranciscixaveri01fran_0405.png"; bbox 0 0 1781 2889; ppageno 0'>
   <div class='ocr_carea' id='block_1_1' title="bbox 221 176 1394 247">
    <p class='ocr_par' dir='ltr' id='par_1_1' title="bbox 221 176 1394 247">
     <span class='ocr_line' id='line_1_1' title="bbox 221 176 1394 247; baseline -0.001 -18"><span class='ocrx_word' id='word_1_1' title='bbox 221 177 726 229; x_wconf 80' lang='lat' dir='ltr'><strong>EPISTOLARUM.</strong></span> <span class='ocrx_word' id='word_1_2' title='bbox 762 176 866 226; x_wconf 71' lang='lat' dir='ltr'>Lib.</span> <span class='ocrx_word' id='word_1_3' title='bbox 886 180 953 227; x_wconf 86' lang='lat'>11.</span> <span class='ocrx_word' id='word_1_4' title='bbox 974 177 1060 243; x_wconf 74' lang='lat' dir='ltr'>Ep.</span> <span class='ocrx_word' id='word_1_5' title='bbox 1081 179 1227 229; x_wconf 79' lang='lat' dir='ltr'>Xm.</span> <span class='ocrx_word' id='word_1_6' title='bbox 1297 193 1394 247; x_wconf 88' lang='lat'>249</span> 
     </span>
    </p>
   </div>
   <div class='ocr_carea' id='block_1_2' title="bbox 79 273 1502 2438">
    <p class='ocr_par' dir='ltr' id='par_1_2' title="bbox 84 273 1455 604">
     <span class='ocr_line' id='line_1_2' title="bbox 88 273 1450 345; baseline 0.003 -21"><span class='ocrx_word' id='word_1_7' title='bbox 88 275 302 345; x_wconf 70' lang='lat' dir='ltr'>benigna</span> <span class='ocrx_word' id='word_1_8' title='bbox 335 274 689 341; x_wconf 85' lang='lat' dir='ltr'>suffragatione</span> <span class='ocrx_word' id='word_1_9' title='bbox 737 291 881 337; x_wconf 86' lang='lat' dir='ltr'>opem</span> <span class='ocrx_word' id='word_1_10' title='bbox 918 273 1109 326; x_wconf 88' lang='lat' dir='ltr'>ferunt:</span> <span class='ocrx_word' id='word_1_11' title='bbox 1156 278 1230 326; x_wconf 86' lang='lat' dir='ltr'>uti</span> <span class='ocrx_word' id='word_1_12' title='bbox 1266 279 1324 331; x_wconf 75' lang='lat' dir='ltr'>&lt;Sc</span> <span class='ocrx_word' id='word_1_13' title='bbox 1357 295 1450 343; x_wconf 90' lang='lat' dir='ltr'>pro</span> 
     </span>
     <span class='ocr_line' id='line_1_3' title="bbox 87 340 1454 411; baseline 0.001 -21"><span class='ocrx_word' id='word_1_14' title='bbox 87 343 244 395; x_wconf 85' lang='lat' dir='ltr'>salute</span> <span class='ocrx_word' id='word_1_15' title='bbox 279 342 436 389; x_wconf 89' lang='lat' dir='ltr'>adhuc</span> <span class='ocrx_word' id='word_1_16' title='bbox 483 343 532 388; x_wconf 89' lang='lat' dir='ltr'>in</span> <span class='ocrx_word' id='word_1_17' title='bbox 571 342 672 390; x_wconf 72' lang='lat' dir='ltr'>vita</span> <span class='ocrx_word' id='word_1_18' title='bbox 718 340 1000 406; x_wconf 82' lang='lat' dir='ltr'>degentium</span> <span class='ocrx_word' id='word_1_19' title='bbox 1054 342 1289 404; x_wconf 79' lang='lat' dir='ltr'>solicitae,</span> <span class='ocrx_word' id='word_1_20' title='bbox 1344 360 1454 411; x_wconf 81' lang='lat' dir='ltr'>gra-</span> 
     </span>
     <span class='ocr_line' id='line_1_4' title="bbox 87 407 1455 472; baseline 0.002 -16"><span class='ocrx_word' id='word_1_21' title='bbox 87 408 179 456; x_wconf 83' lang='lat' dir='ltr'>tias</span> <span class='ocrx_word' id='word_1_22' title='bbox 230 407 320 455; x_wconf 85' lang='lat' dir='ltr'>illis</span> <span class='ocrx_word' id='word_1_23' title='bbox 371 420 614 456; x_wconf 89' lang='lat' dir='ltr'>conantur</span> <span class='ocrx_word' id='word_1_24' title='bbox 667 407 955 468; x_wconf 84' lang='lat' dir='ltr'>impetrare,</span> <span class='ocrx_word' id='word_1_25' title='bbox 1012 424 1211 472; x_wconf 87' lang='lat' dir='ltr'>quarum</span> <span class='ocrx_word' id='word_1_26' title='bbox 1265 410 1455 459; x_wconf 84' lang='lat' dir='ltr'>auxilio</span> 
     </span>
     <span class='ocr_line' id='line_1_5' title="bbox 84 472 1450 541; baseline 0.002 -19"><span class='ocrx_word' id='word_1_27' title='bbox 84 472 479 522; x_wconf 78' lang='lat' dir='ltr'>exitiosissimum</span> <span class='ocrx_word' id='word_1_28' title='bbox 515 473 564 521; x_wconf 91' lang='lat' dir='ltr'>in</span> <span class='ocrx_word' id='word_1_29' title='bbox 600 485 783 521; x_wconf 83' lang='lat' dir='ltr'>aeterna</span> <span class='ocrx_word' id='word_1_30' title='bbox 824 473 1052 522; x_wconf 77' lang='lat' dir='ltr'>incendia</span> <span class='ocrx_word' id='word_1_31' title='bbox 1093 476 1310 538; x_wconf 83' lang='lat' dir='ltr'>Tartari,</span> <span class='ocrx_word' id='word_1_32' title='bbox 1346 475 1450 541; x_wconf 85' lang='lat' dir='ltr'>lap-</span> 
     </span>
     <span class='ocr_line' id='line_1_6' title="bbox 86 537 511 604; baseline 0.002 -17"><span class='ocrx_word' id='word_1_33' title='bbox 86 555 193 588; x_wconf 88' lang='lat' dir='ltr'>sum</span> <span class='ocrx_word' id='word_1_34' title='bbox 233 537 477 604; x_wconf 82' lang='lat' dir='ltr'>effugiant</span> <span class='ocrx_word' id='word_1_35' title='bbox 500 576 511 587; x_wconf 89' lang='lat'><em>.</em></span> 
     </span>
    </p>

    <p class='ocr_par' dir='ltr' id='par_1_3' title="bbox 79 601 1502 2438">
     <span class='ocr_line' id='line_1_7' title="bbox 155 601 1449 673; baseline 0.001 -17"><span class='ocrx_word' id='word_1_36' title='bbox 155 621 232 673; x_wconf 84' lang='lat'>25.</span> <span class='ocrx_word' id='word_1_37' title='bbox 265 605 445 654; x_wconf 76' lang='lat' dir='ltr'>Christi</span> <span class='ocrx_word' id='word_1_38' title='bbox 480 604 642 668; x_wconf 88' lang='lat' dir='ltr'>JESU</span> <span class='ocrx_word' id='word_1_39' title='bbox 677 603 818 652; x_wconf 68' lang='lat' dir='ltr'>sexta</span> <span class='ocrx_word' id='word_1_40' title='bbox 871 601 991 655; x_wconf 68' lang='lat' dir='ltr'>feria</span> <span class='ocrx_word' id='word_1_41' title='bbox 1027 605 1213 656; x_wconf 89' lang='lat' dir='ltr'>mortui</span> <span class='ocrx_word' id='word_1_42' title='bbox 1280 607 1449 657; x_wconf 87' lang='lat' dir='ltr'>anima</span> 
     </span>
     <span class='ocr_line' id='line_1_8' title="bbox 83 668 1453 732; baseline 0.003 -13"><span class='ocrx_word' id='word_1_43' title='bbox 83 671 390 721; x_wconf 87' lang='lat' dir='ltr'>sanctissima</span> <span class='ocrx_word' id='word_1_44' title='bbox 437 668 711 720; x_wconf 86' lang='lat' dir='ltr'>Divinitati</span> <span class='ocrx_word' id='word_1_45' title='bbox 749 684 939 732; x_wconf 87' lang='lat' dir='ltr'>semper</span> <span class='ocrx_word' id='word_1_46' title='bbox 990 670 1158 731; x_wconf 84' lang='lat' dir='ltr'>juncta</span> <span class='ocrx_word' id='word_1_47' title='bbox 1193 673 1453 723; x_wconf 80' lang='lat' dir='ltr'>descendit</span> 
     </span>
     <span class='ocr_line' id='line_1_9' title="bbox 85 736 1456 803; baseline 0.004 -19"><span class='ocrx_word' id='word_1_48' title='bbox 85 737 135 785; x_wconf 87' lang='lat' dir='ltr'>in</span> <span class='ocrx_word' id='word_1_49' title='bbox 183 736 428 786; x_wconf 87' lang='lat' dir='ltr'>Limbum:</span> <span class='ocrx_word' id='word_1_50' title='bbox 479 738 536 790; x_wconf 83' lang='lat'>&amp;</span> <span class='ocrx_word' id='word_1_51' title='bbox 572 747 823 800; x_wconf 82' lang='lat' dir='ltr'>quotquot</span> <span class='ocrx_word' id='word_1_52' title='bbox 875 736 975 785; x_wconf 88' lang='lat' dir='ltr'>illic</span> <span class='ocrx_word' id='word_1_53' title='bbox 1028 740 1215 788; x_wconf 87' lang='lat' dir='ltr'>animas</span> <span class='ocrx_word' id='word_1_54' title='bbox 1269 740 1456 803; x_wconf 87' lang='lat' dir='ltr'>reperit</span> 
     </span>
     <span class='ocr_line' id='line_1_10' title="bbox 84 804 1457 864; baseline 0.001 -12"><span class='ocrx_word' id='word_1_55' title='bbox 84 804 357 854; x_wconf 84' lang='lat' dir='ltr'>adventum</span> <span class='ocrx_word' id='word_1_56' title='bbox 390 814 915 864; x_wconf 78' lang='lat' dir='ltr'>suum-expectantes,</span> <span class='ocrx_word' id='word_1_57' title='bbox 955 804 1126 853; x_wconf 77' lang='lat' dir='ltr'>eduxit</span> <span class='ocrx_word' id='word_1_58' title='bbox 1161 805 1308 853; x_wconf 85' lang='lat' dir='ltr'>inde:</span> <span class='ocrx_word' id='word_1_59' title='bbox 1349 819 1457 854; x_wconf 88' lang='lat' dir='ltr'>tum</span> 
     </span>
     <span class='ocr_line' id='line_1_11' title="bbox 85 866 1453 931; baseline 0.001 -13"><span class='ocrx_word' id='word_1_60' title='bbox 85 869 166 918; x_wconf 89' lang='lat' dir='ltr'>die</span> <span class='ocrx_word' id='word_1_61' title='bbox 200 868 377 927; x_wconf 73' lang='lat' dir='ltr'>tertia,</span> <span class='ocrx_word' id='word_1_62' title='bbox 416 884 520 931; x_wconf 85' lang='lat' dir='ltr'>quae</span> <span class='ocrx_word' id='word_1_63' title='bbox 557 866 649 915; x_wconf 84' lang='lat' dir='ltr'>fuit</span> <span class='ocrx_word' id='word_1_64' title='bbox 673 867 975 929; x_wconf 83' lang='lat' dir='ltr'>Dominica,</span> <span class='ocrx_word' id='word_1_65' title='bbox 1013 872 1221 918; x_wconf 84' lang='lat' dir='ltr'>surrexit</span> <span class='ocrx_word' id='word_1_66' title='bbox 1257 874 1285 918; x_wconf 78' lang='lat' dir='ltr'>a</span> <span class='ocrx_word' id='word_1_67' title='bbox 1321 887 1453 919; x_wconf 76' lang='lat' dir='ltr'>mor-</span> 
     </span>
     <span class='ocr_line' id='line_1_12' title="bbox 83 932 1460 996; baseline 0 -13"><span class='ocrx_word' id='word_1_68' title='bbox 83 935 204 996; x_wconf 80' lang='lat' dir='ltr'>tuis,</span> <span class='ocrx_word' id='word_1_69' title='bbox 240 949 372 983; x_wconf 80' lang='lat' dir='ltr'>suam</span> <span class='ocrx_word' id='word_1_70' title='bbox 409 932 587 982; x_wconf 75' lang='lat' dir='ltr'>iterum</span> <span class='ocrx_word' id='word_1_71' title='bbox 641 933 996 982; x_wconf 75' lang='lat' dir='ltr'>sanctissimam</span> <span class='ocrx_word' id='word_1_72' title='bbox 1046 937 1260 984; x_wconf 84' lang='lat' dir='ltr'>animam</span> <span class='ocrx_word' id='word_1_73' title='bbox 1298 936 1460 996; x_wconf 87' lang='lat' dir='ltr'>rejun-</span> 
     </span>
     <span class='ocr_line' id='line_1_13' title="bbox 84 999 1456 1067; baseline 0 -18"><span class='ocrx_word' id='word_1_74' title='bbox 84 1017 204 1067; x_wconf 82' lang='lat' dir='ltr'>gens</span> <span class='ocrx_word' id='word_1_75' title='bbox 252 1001 414 1051; x_wconf 89' lang='lat' dir='ltr'>eidem</span> <span class='ocrx_word' id='word_1_76' title='bbox 462 999 654 1061; x_wconf 76' lang='lat' dir='ltr'>corpori</span> <span class='ocrx_word' id='word_1_77' title='bbox 706 1001 837 1060; x_wconf 79' lang='lat' dir='ltr'>quod</span> <span class='ocrx_word' id='word_1_78' title='bbox 891 1001 939 1048; x_wconf 90' lang='lat' dir='ltr'>in</span> <span class='ocrx_word' id='word_1_79' title='bbox 995 1004 1153 1050; x_wconf 89' lang='lat' dir='ltr'>Cruce</span> <span class='ocrx_word' id='word_1_80' title='bbox 1206 1004 1456 1066; x_wconf 78' lang='lat' dir='ltr'>exspirans</span> 
     </span>
     <span class='ocr_line' id='line_1_14' title="bbox 84 1062 1455 1131; baseline 0.001 -17"><span class='ocrx_word' id='word_1_81' title='bbox 84 1066 377 1131; x_wconf 78' lang='lat' dir='ltr'>reliquerat.</span> <span class='ocrx_word' id='word_1_82' title='bbox 414 1068 539 1113; x_wconf 83' lang='lat' dir='ltr'>Mox</span> <span class='ocrx_word' id='word_1_83' title='bbox 577 1062 820 1112; x_wconf 86' lang='lat' dir='ltr'>redivivus</span> <span class='ocrx_word' id='word_1_84' title='bbox 853 1066 907 1116; x_wconf 86' lang='lat'>&amp;</span> <span class='ocrx_word' id='word_1_85' title='bbox 944 1067 1138 1116; x_wconf 87' lang='lat' dir='ltr'>dotibus</span> <span class='ocrx_word' id='word_1_86' title='bbox 1174 1067 1332 1116; x_wconf 80' lang='lat' dir='ltr'>beatae</span> <span class='ocrx_word' id='word_1_87' title='bbox 1368 1069 1455 1116; x_wconf 87' lang='lat' dir='ltr'>im-</span> 
     </span>
     <span class='ocr_line' id='line_1_15' title="bbox 82 1130 1502 1196; baseline 0.001 -16"><span class='ocrx_word' id='word_1_88' title='bbox 82 1131 405 1182; x_wconf 81' lang='lat' dir='ltr'>mortalitatis</span> <span class='ocrx_word' id='word_1_89' title='bbox 442 1130 638 1196; x_wconf 82' lang='lat' dir='ltr'>vigens‚</span> <span class='ocrx_word' id='word_1_90' title='bbox 687 1131 914 1193; x_wconf 81' lang='lat' dir='ltr'>apparuit</span> <span class='ocrx_word' id='word_1_91' title='bbox 951 1134 1097 1182; x_wconf 81' lang='lat' dir='ltr'>matri</span> <span class='ocrx_word' id='word_1_92' title='bbox 1135 1133 1340 1196; x_wconf 77' lang='lat' dir='ltr'>primum</span> <span class='ocrx_word' id='word_1_93' title='bbox 1362 1150 1459 1182; x_wconf 83' lang='lat' dir='ltr'>suae</span> <span class='ocrx_word' id='word_1_94' title='bbox 1500 1174 1502 1181; x_wconf 71' lang='grc'><strong>,</strong></span> 
     </span>
     <span class='ocr_line' id='line_1_16' title="bbox 85 1195 1458 1261; baseline 0 -15"><span class='ocrx_word' id='word_1_95' title='bbox 85 1198 258 1246; x_wconf 86' lang='lat' dir='ltr'>Mariae</span> <span class='ocrx_word' id='word_1_96' title='bbox 308 1195 503 1260; x_wconf 82' lang='lat' dir='ltr'>Virgini</span> <span class='ocrx_word' id='word_1_97' title='bbox 554 1197 912 1256; x_wconf 76' lang='lat' dir='ltr'>Sanctissimae,</span> <span class='ocrx_word' id='word_1_98' title='bbox 967 1198 1146 1246; x_wconf 84' lang='lat' dir='ltr'>deinde</span> <span class='ocrx_word' id='word_1_99' title='bbox 1202 1199 1458 1261; x_wconf 86' lang='lat' dir='ltr'>Apostolis</span> 
     </span>
     <span class='ocr_line' id='line_1_17' title="bbox 81 1260 1459 1326; baseline 0.001 -15"><span class='ocrx_word' id='word_1_100' title='bbox 81 1263 141 1315; x_wconf 66' lang='grc' dir='ltr'>ὅ(</span> <span class='ocrx_word' id='word_1_101' title='bbox 189 1262 484 1326; x_wconf 77' lang='lat' dir='ltr'>Discipulis,</span> <span class='ocrx_word' id='word_1_102' title='bbox 535 1260 737 1324; x_wconf 86' lang='lat' dir='ltr'>aliisque</span> <span class='ocrx_word' id='word_1_103' title='bbox 774 1262 862 1308; x_wconf 89' lang='lat' dir='ltr'>sibi</span> <span class='ocrx_word' id='word_1_104' title='bbox 914 1265 1069 1323; x_wconf 82' lang='lat' dir='ltr'>caris,</span> <span class='ocrx_word' id='word_1_105' title='bbox 1124 1278 1186 1311; x_wconf 92' lang='lat' dir='ltr'>eo</span> <span class='ocrx_word' id='word_1_106' title='bbox 1240 1266 1459 1326; x_wconf 87' lang='lat' dir='ltr'>ipsorum</span> 
     </span>
     <span class='ocr_line' id='line_1_18' title="bbox 81 1326 1458 1397; baseline 0.001 -21"><span class='ocrx_word' id='word_1_107' title='bbox 81 1328 285 1394; x_wconf 79' lang='lat' dir='ltr'>gaudio,</span> <span class='ocrx_word' id='word_1_108' title='bbox 324 1344 421 1391; x_wconf 84' lang='lat' dir='ltr'>quo</span> <span class='ocrx_word' id='word_1_109' title='bbox 457 1328 514 1379; x_wconf 63' lang='grc' dir='ltr'>ὃς</span> <span class='ocrx_word' id='word_1_110' title='bbox 560 1326 949 1397; x_wconf 78' lang='lat' dir='ltr'>abstergeretur,</span> <span class='ocrx_word' id='word_1_111' title='bbox 1001 1331 1057 1381; x_wconf 83' lang='lat'>&amp;</span> <span class='ocrx_word' id='word_1_112' title='bbox 1093 1330 1285 1380; x_wconf 76' lang='lat' dir='ltr'>abunde</span> <span class='ocrx_word' id='word_1_113' title='bbox 1321 1330 1458 1378; x_wconf 81' lang='lat' dir='ltr'>co&#39;m-</span> 
     </span>
     <span class='ocr_line' id='line_1_19' title="bbox 81 1395 1454 1462; baseline 0.002 -20"><span class='ocrx_word' id='word_1_114' title='bbox 81 1405 366 1457; x_wconf 84' lang='lat' dir='ltr'>pensaretur</span> <span class='ocrx_word' id='word_1_115' title='bbox 401 1408 600 1441; x_wconf 87' lang='lat' dir='ltr'>moeror</span> <span class='ocrx_word' id='word_1_116' title='bbox 635 1408 695 1441; x_wconf 85' lang='lat' dir='ltr'>ex</span> <span class='ocrx_word' id='word_1_117' title='bbox 733 1404 833 1451; x_wconf 65' lang='lat' dir='ltr'>esus</span> <span class='ocrx_word' id='word_1_118' title='bbox 870 1407 1032 1443; x_wconf 79' lang='lat' dir='ltr'>morte</span> <span class='ocrx_word' id='word_1_119' title='bbox 1086 1395 1197 1457; x_wconf 87' lang='lat' dir='ltr'>ipsis</span> <span class='ocrx_word' id='word_1_120' title='bbox 1233 1395 1454 1462; x_wconf 80' lang='lat' dir='ltr'>gravissi-</span> 
     </span>
     <span class='ocr_line' id='line_1_20' title="bbox 79 1458 1456 1514; baseline 0.002 -6"><span class='ocrx_word' id='word_1_121' title='bbox 79 1476 183 1508; x_wconf 88' lang='lat' dir='ltr'>mus</span> <span class='ocrx_word' id='word_1_122' title='bbox 220 1459 455 1507; x_wconf 71' lang='lat' dir='ltr'>obortus;</span> <span class='ocrx_word' id='word_1_123' title='bbox 493 1458 598 1507; x_wconf 89' lang='lat' dir='ltr'>Suis</span> <span class='ocrx_word' id='word_1_124' title='bbox 636 1459 786 1508; x_wconf 83' lang='lat' dir='ltr'>etiam</span> <span class='ocrx_word' id='word_1_125' title='bbox 838 1458 1046 1508; x_wconf 88' lang='lat' dir='ltr'>inimicis</span> <span class='ocrx_word' id='word_1_126' title='bbox 1084 1463 1141 1514; x_wconf 68' lang='grc' dir='ltr'>δε</span> <span class='ocrx_word' id='word_1_127' title='bbox 1195 1461 1456 1511; x_wconf 85' lang='lat' dir='ltr'>crucifixo-</span> 
     </span>
     <span class='ocr_line' id='line_1_21' title="bbox 81 1523 1457 1591; baseline 0.001 -18"><span class='ocrx_word' id='word_1_128' title='bbox 81 1526 210 1574; x_wconf 80' lang='lat' dir='ltr'>ribus</span> <span class='ocrx_word' id='word_1_129' title='bbox 246 1540 332 1586; x_wconf 84' lang='lat' dir='ltr'>per</span> <span class='ocrx_word' id='word_1_130' title='bbox 354 1523 638 1586; x_wconf 83' lang='lat' dir='ltr'>Discipulos</span> <span class='ocrx_word' id='word_1_131' title='bbox 675 1524 862 1573; x_wconf 92' lang='lat' dir='ltr'>obtulit</span> <span class='ocrx_word' id='word_1_132' title='bbox 900 1527 1129 1586; x_wconf 80' lang='lat' dir='ltr'>veniam,</span> <span class='ocrx_word' id='word_1_133' title='bbox 1167 1527 1317 1591; x_wconf 82' lang='lat' dir='ltr'>re&#39;que</span> <span class='ocrx_word' id='word_1_134' title='bbox 1353 1527 1457 1590; x_wconf 65' lang='lat' dir='ltr'>ipsa</span> 
     </span>
     <span class='ocr_line' id='line_1_22' title="bbox 83 1591 1460 1654; baseline 0.001 -16"><span class='ocrx_word' id='word_1_135' title='bbox 83 1591 321 1654; x_wconf 78' lang='lat' dir='ltr'>praebuit‚</span> <span class='ocrx_word' id='word_1_136' title='bbox 360 1601 612 1652; x_wconf 81' lang='lat' dir='ltr'>quotquot</span> <span class='ocrx_word' id='word_1_137' title='bbox 646 1591 912 1638; x_wconf 85' lang='lat' dir='ltr'>admittere</span> <span class='ocrx_word' id='word_1_138' title='bbox 936 1591 1230 1640; x_wconf 84' lang='lat' dir='ltr'>voluerunt·</span> <span class='ocrx_word' id='word_1_139' title='bbox 1268 1591 1332 1640; x_wconf 92' lang='lat' dir='ltr'>Hi</span> <span class='ocrx_word' id='word_1_140' title='bbox 1357 1608 1460 1640; x_wconf 88' lang='lat' dir='ltr'>non</span> 
     </span>
     <span class='ocr_line' id='line_1_23' title="bbox 83 1654 1458 1721; baseline -0.001 -17"><span class='ocrx_word' id='word_1_141' title='bbox 83 1655 229 1720; x_wconf 86' lang='lat' dir='ltr'>pauci</span> <span class='ocrx_word' id='word_1_142' title='bbox 265 1654 426 1715; x_wconf 79' lang='lat' dir='ltr'>fuere,</span> <span class='ocrx_word' id='word_1_143' title='bbox 474 1669 584 1701; x_wconf 86' lang='lat' dir='ltr'>nam</span> <span class='ocrx_word' id='word_1_144' title='bbox 637 1656 759 1704; x_wconf 89' lang='lat' dir='ltr'>miro</span> <span class='ocrx_word' id='word_1_145' title='bbox 796 1669 979 1703; x_wconf 82' lang='lat' dir='ltr'>eventu</span> <span class='ocrx_word' id='word_1_146' title='bbox 1016 1655 1263 1721; x_wconf 81' lang='lat' dir='ltr'>contigit,</span> <span class='ocrx_word' id='word_1_147' title='bbox 1311 1656 1458 1718; x_wconf 88' lang='lat' dir='ltr'>pluri-</span> 
     </span>
     <span class='ocr_line' id='line_1_24' title="bbox 83 1719 1457 1785; baseline 0.001 -15"><span class='ocrx_word' id='word_1_148' title='bbox 83 1737 188 1771; x_wconf 86' lang='lat' dir='ltr'>mos</span> <span class='ocrx_word' id='word_1_149' title='bbox 225 1723 307 1785; x_wconf 90' lang='lat' dir='ltr'>qui</span> <span class='ocrx_word' id='word_1_150' title='bbox 344 1720 545 1769; x_wconf 87' lang='lat' dir='ltr'>Christo</span> <span class='ocrx_word' id='word_1_151' title='bbox 567 1719 760 1768; x_wconf 89' lang='lat' dir='ltr'>credere</span> <span class='ocrx_word' id='word_1_152' title='bbox 797 1720 1018 1780; x_wconf 82' lang='lat' dir='ltr'>viventi,</span> <span class='ocrx_word' id='word_1_153' title='bbox 1056 1723 1365 1784; x_wconf 78' lang='lat' dir='ltr'>praedicanti,</span> <span class='ocrx_word' id='word_1_154' title='bbox 1396 1738 1457 1771; x_wconf 93' lang='lat' dir='ltr'>ac</span> 
     </span>
     <span class='ocr_line' id='line_1_25' title="bbox 83 1784 1451 1851; baseline 0.001 -16"><span class='ocrx_word' id='word_1_155' title='bbox 83 1787 483 1851; x_wconf 85' lang='lat' dir='ltr'>praedicationem</span> <span class='ocrx_word' id='word_1_156' title='bbox 519 1784 664 1850; x_wconf 86' lang='lat' dir='ltr'>signis</span> <span class='ocrx_word' id='word_1_157' title='bbox 681 1785 958 1851; x_wconf 77' lang='lat' dir='ltr'>ingentibus</span> <span class='ocrx_word' id='word_1_158' title='bbox 979 1788 1318 1848; x_wconf 83' lang='lat' dir='ltr'>confirmanti,</span> <span class='ocrx_word' id='word_1_159' title='bbox 1339 1804 1451 1851; x_wconf 90' lang='lat' dir='ltr'>per-</span> 
     </span>
     <span class='ocr_line' id='line_1_26' title="bbox 81 1852 1457 1916; baseline 0 -14"><span class='ocrx_word' id='word_1_160' title='bbox 81 1852 382 1902; x_wconf 70' lang='lat' dir='ltr'>tinacissime</span> <span class='ocrx_word' id='word_1_161' title='bbox 419 1864 800 1910; x_wconf 81' lang='lat' dir='ltr'>recusaverant,</span> <span class='ocrx_word' id='word_1_162' title='bbox 857 1852 1037 1900; x_wconf 83' lang='lat' dir='ltr'>cinon</span> <span class='ocrx_word' id='word_1_163' title='bbox 1089 1854 1294 1916; x_wconf 77' lang='lat' dir='ltr'>amplius</span> <span class='ocrx_word' id='word_1_164' title='bbox 1350 1853 1457 1903; x_wconf 88' lang='lat' dir='ltr'>vi-so</span> 
     </span>
     <span class='ocr_line' id='line_1_27' title="bbox 83 1916 1454 1981; baseline 0 -13"><span class='ocrx_word' id='word_1_165' title='bbox 83 1918 166 1968; x_wconf 90' lang='lat' dir='ltr'>vel</span> <span class='ocrx_word' id='word_1_166' title='bbox 202 1919 401 1978; x_wconf 81' lang='lat' dir='ltr'>audito,</span> <span class='ocrx_word' id='word_1_167' title='bbox 449 1917 534 1966; x_wconf 86' lang='lat' dir='ltr'>sed</span> <span class='ocrx_word' id='word_1_168' title='bbox 570 1916 861 1966; x_wconf 87' lang='lat' dir='ltr'>testimonio</span> <span class='ocrx_word' id='word_1_169' title='bbox 902 1916 1272 1981; x_wconf 87' lang='lat' dir='ltr'>Discipulorum</span> <span class='ocrx_word' id='word_1_170' title='bbox 1310 1918 1454 1981; x_wconf 85' lang='lat' dir='ltr'>ipsius</span> 
     </span>
     <span class='ocr_line' id='line_1_28' title="bbox 82 1982 1453 2048; baseline 0 -15"><span class='ocrx_word' id='word_1_171' title='bbox 82 1984 397 2033; x_wconf 78' lang='lat' dir='ltr'>resurrexisse</span> <span class='ocrx_word' id='word_1_172' title='bbox 448 1987 475 2032; x_wconf 80' lang='lat' dir='ltr'>a</span> <span class='ocrx_word' id='word_1_173' title='bbox 523 1982 726 2031; x_wconf 88' lang='lat' dir='ltr'>mortuis</span> <span class='ocrx_word' id='word_1_174' title='bbox 779 1982 1005 2043; x_wconf 83' lang='lat' dir='ltr'>credito,</span> <span class='ocrx_word' id='word_1_175' title='bbox 1058 1985 1200 2034; x_wconf 87' lang='lat' dir='ltr'>fidem</span> <span class='ocrx_word' id='word_1_176' title='bbox 1253 1984 1453 2048; x_wconf 81' lang='lat' dir='ltr'>plenam</span> 
     </span>
     <span class='ocr_line' id='line_1_29' title="bbox 82 2047 1451 2114; baseline 0.001 -16"><span class='ocrx_word' id='word_1_177' title='bbox 82 2049 347 2110; x_wconf 77' lang='lat' dir='ltr'>adhibere3</span> <span class='ocrx_word' id='word_1_178' title='bbox 401 2047 448 2095; x_wconf 87' lang='lat' dir='ltr'>in</span> <span class='ocrx_word' id='word_1_179' title='bbox 495 2047 602 2110; x_wconf 89' lang='lat' dir='ltr'>ipso</span> <span class='ocrx_word' id='word_1_180' title='bbox 653 2063 784 2110; x_wconf 86' lang='lat' dir='ltr'>spem</span> <span class='ocrx_word' id='word_1_181' title='bbox 843 2065 1058 2110; x_wconf 85' lang='lat' dir='ltr'>ponere3</span> <span class='ocrx_word' id='word_1_182' title='bbox 1106 2049 1451 2114; x_wconf 81' lang='lat' dir='ltr'>eiusdemque,</span> 
     </span>
     <span class='ocr_line' id='line_1_30' title="bbox 81 2112 1451 2181; baseline -0.002 -17"><span class='ocrx_word' id='word_1_183' title='bbox 81 2128 139 2164; x_wconf 88' lang='lat' dir='ltr'>ut</span> <span class='ocrx_word' id='word_1_184' title='bbox 175 2117 275 2164; x_wconf 92' lang='lat' dir='ltr'>Dei</span> <span class='ocrx_word' id='word_1_185' title='bbox 310 2131 368 2162; x_wconf 88' lang='lat' dir='ltr'>ac</span> <span class='ocrx_word' id='word_1_186' title='bbox 405 2112 675 2163; x_wconf 78' lang='lat' dir='ltr'>salvatoris</span> <span class='ocrx_word' id='word_1_187' title='bbox 708 2114 993 2174; x_wconf 85' lang='lat' dir='ltr'>hominurn,</span> <span class='ocrx_word' id='word_1_188' title='bbox 1031 2116 1217 2166; x_wconf 79' lang='lat' dir='ltr'>cultum</span> <span class='ocrx_word' id='word_1_189' title='bbox 1252 2116 1451 2181; x_wconf 77' lang='lat' dir='ltr'>religio-</span> 
     </span>
     <span class='ocr_line' id='line_1_31' title="bbox 82 2179 1450 2245; baseline 0.001 -16"><span class='ocrx_word' id='word_1_190' title='bbox 82 2197 295 2245; x_wconf 88' lang='lat' dir='ltr'>nemque</span> <span class='ocrx_word' id='word_1_191' title='bbox 316 2179 564 2243; x_wconf 85' lang='lat' dir='ltr'>profiteri.</span> <span class='ocrx_word' id='word_1_192' title='bbox 588 2182 844 2229; x_wconf 78' lang='lat' dir='ltr'>Hactenus</span> <span class='ocrx_word' id='word_1_193' title='bbox 866 2181 1093 2243; x_wconf 86' lang='lat' dir='ltr'>exposita</span> <span class='ocrx_word' id='word_1_194' title='bbox 1129 2183 1196 2231; x_wconf 90' lang='lat' dir='ltr'>sic</span> <span class='ocrx_word' id='word_1_195' title='bbox 1216 2199 1266 2231; x_wconf 85' lang='lat' dir='ltr'>se</span> <span class='ocrx_word' id='word_1_196' title='bbox 1304 2182 1450 2230; x_wconf 85' lang='lat' dir='ltr'>habe-</span> 
     </span>
     <span class='ocr_line' id='line_1_32' title="bbox 81 2242 1452 2297; baseline 0 -2"><span class='ocrx_word' id='word_1_197' title='bbox 81 2262 134 2295; x_wconf 82' lang='lat' dir='ltr'>re</span> <span class='ocrx_word' id='word_1_198' title='bbox 169 2249 375 2295; x_wconf 88' lang='lat' dir='ltr'>Sanctus</span> <span class='ocrx_word' id='word_1_199' title='bbox 413 2248 625 2294; x_wconf 86' lang='lat' dir='ltr'>Thomas</span> <span class='ocrx_word' id='word_1_200' title='bbox 661 2242 922 2294; x_wconf 85' lang='lat' dir='ltr'>affirmavit</span> <span class='ocrx_word' id='word_1_201' title='bbox 958 2246 1027 2294; x_wconf 88' lang='lat' dir='ltr'>his</span> <span class='ocrx_word' id='word_1_202' title='bbox 1063 2248 1252 2296; x_wconf 85' lang='lat' dir='ltr'>verbis:</span> <span class='ocrx_word' id='word_1_203' title='bbox 1302 2248 1452 2297; x_wconf 79' lang='lat' dir='ltr'>Credo</span> 
     </span>
     <span class='ocr_line' id='line_1_33' title="bbox 81 2313 1456 2380; baseline 0.002 -21"><span class='ocrx_word' id='word_1_204' title='bbox 81 2316 131 2360; x_wconf 83' lang='lat' dir='ltr'>in</span> <span class='ocrx_word' id='word_1_205' title='bbox 163 2313 387 2376; x_wconf 87' lang='lat' dir='ltr'>JESUM</span> <span class='ocrx_word' id='word_1_206' title='bbox 407 2313 642 2361; x_wconf 78' lang='lat' dir='ltr'>Christum</span> <span class='ocrx_word' id='word_1_207' title='bbox 679 2315 758 2374; x_wconf 80' lang='lat' dir='ltr'>qui</span> <span class='ocrx_word' id='word_1_208' title='bbox 793 2313 1025 2362; x_wconf 76' lang='lat' dir='ltr'>descendit</span> <span class='ocrx_word' id='word_1_209' title='bbox 1059 2314 1123 2362; x_wconf 81' lang='lat' dir='ltr'>ad</span> <span class='ocrx_word' id='word_1_210' title='bbox 1169 2313 1365 2380; x_wconf 81' lang='lat' dir='ltr'>inferos,</span> <span class='ocrx_word' id='word_1_211' title='bbox 1401 2316 1456 2367; x_wconf 57' lang='grc' dir='ltr'><em>ὼ</em></span> 
     </span>
     <span class='ocr_line' id='line_1_34' title="bbox 84 2380 1383 2438; baseline 0.002 -13"><span class='ocrx_word' id='word_1_212' title='bbox 84 2383 225 2428; x_wconf 83' lang='lat' dir='ltr'>tertia</span> <span class='ocrx_word' id='word_1_213' title='bbox 259 2380 337 2438; x_wconf 62' lang='lat' dir='ltr'>die</span> <span class='ocrx_word' id='word_1_214' title='bbox 370 2382 631 2430; x_wconf 79' lang='lat' dir='ltr'>resurrexit</span> <span class='ocrx_word' id='word_1_215' title='bbox 663 2380 693 2430; x_wconf 84' lang='grc' dir='ltr'><em>ὰ</em></span> <span class='ocrx_word' id='word_1_216' title='bbox 727 2382 918 2427; x_wconf 78' lang='lat' dir='ltr'>mortuis·</span> <span class='ocrx_word' id='word_1_217' title='bbox 938 2415 948 2426; x_wconf 91' lang='lat'><strong>.</strong></span> <span class='ocrx_word' id='word_1_218' title='bbox 1119 2380 1199 2431; x_wconf 78' lang='lat'>26.</span> <span class='ocrx_word' id='word_1_219' title='bbox 1237 2382 1383 2430; x_wconf 81' lang='lat' dir='ltr'>Man-</span> 
     </span>
    </p>
   </div>
  </div>
 </body>
</html>
