1781 2889
276 188 935 241 ·uffisrotARtqutzs.
968 194 1009 241 ι.
1049 190 1134 255 Ep.
1167 193 1288 241 ΧΠ.
1368 190 1437 256 69

117 289 260 344 sidem
299 289 498 336 Sacrum
534 285 709 334 fierent
742 284 1034 349 participes.
1069 286 1134 333 Et
1167 287 1283 336 sane
1314 296 1536 352 aequumx

129 369 232 415 est,
268 364 321 400 ut
356 351 565 400 alienam
601 356 626 401 ὲ
662 351 953 416 Purgatorio
1006 351 1221 398 animam
1267 352 1502 406 liberatu-

127 436 236 479 rus,
272 418 398 480 prius
434 418 495 464 ab
532 415 725 466 inferno
761 434 818 465 ac
855 429 1044 465 tartaro
1097 416 1274 466 liberet
1335 431 1468 467 suam
1492 457 1507 468 .

127 486 378 550 Quocirca
419 481 573 532 vellet
609 483 958 532 Sacerdotibus
993 482 1054 530 ad
1088 499 1195 531 eam
1229 499 1368 532 aram
1405 487 1497 533 Sa-

125 567 256 599 crum
292 548 583 599 facientibus
622 549 1045 614 Indulgentiarum
1081 548 1264 613 aliquid
1310 553 1338 599 a
1374 552 1503 599 Pon-

124 617 257 665 tifice
299 615 522 665 Maximo
558 615 795 675 concedi,
831 627 887 663 ut
922 617 1016 664 hoc
1051 615 1502 677 praemioinvitati‚

125 697 227 731 rem
261 681 499 731 Divinam
551 679 613 728 ibi
666 679 830 729 facere
882 692 1212 744 exoptarent.
1265 684 1382 731 Hoc
1419 681 1505 729 ille

126 747 373 797 Pontificis
409 747 701 796 beneficium
739 749 849 795 cum
885 747 946 794 ad
982 746 1347 797 conciliandam
1381 747 1502 796 loco

126 807 580 871 existimationem,
618 827 723 861 tum
758 815 878 860 vero
899 814 959 860 ad
983 812 1297 861 excitandam
1334 814 1505 862 harum

126 879 347 945 gentium
400 879 674 942 pietatem,
726 878 918 941 expetit
954 878 1125 926 mirum
1171 878 1221 927 in
1269 880 1504 927 modum.

123 944 219 994 Vel
255 960 313 994 ex
351 945 483 993 hisce
519 943 775 1008 postulatis
810 943 1149 1002 conjecturam
1185 946 1348 1007 capias
1383 945 1505 994 licet

120 1012 184 1058 de
222 1010 319 1068 cius
357 1010 549 1070 animo,
589 1010 671 1075 qui
707 1010 768 1056 dc
804 1010 944 1057 rebus
981 1011 1160 1058 sanctis
1195 1026 1255 1058 ac
1288 1010 1378 1074 piis
1399 1023 1503 1059 tam

118 1077 250 1131 bene
285 1075 502 1135 sentiat,
540 1090 643 1124 tarn
678 1074 847 1124 sedulo
882 1074 1110 1124 laboret.

193 1156 235 1208 ς.
272 1143 327 1189 In
362 1141 415 1188 iis
452 1139 532 1204 qui
570 1143 664 1190 huc
700 1141 782 1187 abs
818 1152 869 1189 te
895 1141 1186 1199 mittentur,
1224 1156 1327 1189 non
1363 1140 1503 1190 dubi-

121 1220 212 1267 to,
261 1206 375 1270 quin
431 1221 552 1254 unus
608 1218 758 1270 atque
811 1206 941 1255 adeo
975 1205 1134 1268 plures
1172 1205 1369 1255 venturi
1403 1207 1504 1256 sint

122 1273 347 1335 spectata
368 1271 618 1334 probitate
654 1288 712 1319 ac
748 1271 873 1320 fide:
911 1273 1092 1337 quippe
1128 1274 1239 1321 cum
1275 1271 1377 1322 tale
1413 1274 1502 1321 acl-

120 1337 439 1387 ministraturi
493 1337 590 1386 sint
626 1335 934 1404 Collegium,
985 1340 1280 1403 tantumque
1333 1355 1505 1387 aerum-

123 1419 294 1454 narum
329 1403 625 1466 perpessuri,
661 1417 902 1469 quantum
937 1404 1038 1453 haec
1073 1404 1210 1470 regio
1248 1403 1397 1453 affert
1417 1421 1503 1454 ne-

122 1468 363 1518 cessario.
402 1472 546 1519 Mare
581 1469 752 1534 utique
788 1471 843 1521 δί
881 1483 1013 1519 terra
1047 1486 1219 1519 eorum
1254 1470 1403 1519 robur
1444 1487 1505 1520 ac

121 1535 356 1584 virtutem
391 1535 506 1584 satis
542 1535 852 1597 explorabit.
890 1532 1166 1602 Negotium
1203 1536 1396 1585 scilicet
1431 1550 1508 1587 est

122 1599 389 1660 eiusmodi,
428 1600 559 1664 quod
596 1602 732 1652 firma
767 1602 1131 1652 constitutione
1167 1603 1420 1666 corporis,
1446 1602 1508 1655 δι

122 1669 333 1716 florente
386 1680 536 1716 aetate
585 1668 717 1716 viros
778 1668 1039 1730 postulet3
1103 1667 1506 1717 adolescentibus

120 1733 256 1781 certe
306 1734 450 1796 quam
501 1732 693 1781 senibus
752 1733 956 1795 aptius:
1029 1748 1312 1799 quanquam
1363 1748 1509 1784 senes
1580 1772 1598 1794 2

126 1797 350 1862 vigentes
386 1812 442 1845 ac
481 1798 670 1847 vividos
709 1812 810 1846 non
846 1800 1054 1862 respuit.
1086 1801 1403 1870 Qicumque
1421 1815 1507 1850 ve-

122 1863 294 1923 nient,
345 1863 555 1929 benigne
592 1880 650 1912 ac
685 1864 929 1914 benevole
976 1867 1288 1931 excipientur
1335 1867 1398 1915 ab
1434 1865 1505 1914 in-

126 1927 286 1989 colis,
321 1941 472 1993 atque
508 1929 777 1980 identidem
824 1931 1157 1997 urgebuntur,
1209 1947 1267 1983 ut
1312 1927 1508 1981 confes·

126 1994 288 2043 siones
323 1994 561 2054 audiant,
596 1997 699 2059 'pias
748 1997 1380 2059 meditationestradant,
1433 2013 1507 2045 sa-

121 2076 228 2108 cras
265 2061 484 2110 habeant
534 2062 843 2112 ConcionCS.
902 2064 1145 2114 Nimirum
1197 2066 1291 2116 erit
1343 2064 1506 2112 messis

121 2125 278 2174 multa
315 2129 371 2178 ὃς
409 2129 647 2189 copiosa.
703 2128 954 2177 Habemus
1003 2129 1101 2190 jam
1152 2147 1330 2195 pucros
1382 2130 1507 2188 indi-

121 2206 275 2254 genas
324 2194 530 2255 amplius
581 2193 838 2262 sexaginta
891 2211 1124 2258 paratos,
1178 2199 1259 2264 qui
1314 2213 1444 2248 nunc
1480 2201 1510 2249 a

124 2252 319 2320 Jacobo
358 2261 621 2321 Borbano,
655 2261 763 2310 viro
799 2262 1000 2326 egregio
1035 2268 1062 2314 ὲ
1097 2265 1420 2314 Franciscana
1439 2265 1508 2313 di-

97 2323 326 2398 ιξςίρΙίηει
346 2358 357 2387 ,
381 2328 700 2390 crudiuntur,
728 2325 946 2443 initaque
980 2343 1151 2381 aestate
1190 2331 1237 2380 in
1277 2331 1371 2381 hoc
1392 2333 1510 2384 Col-

837 2411 861 2461 3
1373 2399 1444 2450 le-
