1781 2889
334 299 335 302 *
389 234 481 300 278
633 229 680 277 s
717 223 1084 277 FRANerscr
1123 223 1420 276 XAvtRn

324 344 462 377 mnos
500 327 690 376 litteras
727 325 961 382 doceret,
1000 322 1172 396 reliqui
1196 325 1326 383 du0‚
1365 337 1418 372 ut
1455 322 1519 370 ibi
1551 323 1709 387 potis-

323 396 492 482 simum
534 403 870 450 Jersarentur,
906 387 989 437 ubi
1026 389 1243 438 maximo
1290 391 1356 439 rei
1403 391 1707 440 Christianae

325 460 454 508 emo}
465 471 668 506 umento
722 456 840 506 mihi
889 456 1172 504 viderentur
1207 454 1386 517 futu-ri3
1441 455 1707 506 confestim

329 528 387 574 ad
428 540 511 573 eos
548 513 752 587 scripsi,
781 534 835 570 ut
870 521 1047 570 relicto
1083 524 1205 571 Goae
1240 521 1550 572 alumnorum
1603 539 1704 571 ma-

324 593 513 656 gistri),
551 590 700 638 ceteri
740 601 1004 655 pergerent
1054 586 1104 635 in
1158 589 1547 649 promontorium
1603 592 1705 638 Co-

328 673 598 715 nmrmum,
652 656 818 719 ibique
852 671 963 703 cum
999 653 1258 702 Francisco
1297 655 1527 703 Mansilla
1567 657 1704 704 Neo-

325 726 504 786 phytos
541 691 824 771 er’euiirent.
860 722 1006 770 Nunc
1046 724 1164 769 vero
1192 721 1392 770 mutata
1425 722 1708 795 sententia⁷

326 805 410 837 eos
447 806 494 836 in
535 787 762 836 Molucas
800 787 975 835 insulas
1012 801 1146 834 anno
1180 786 1410 847 proximo
1446 788 1616 836 venire
1635 786 1706 844 iu-

327 855 455 904 beo:
498 855 630 919 quoi
669 853 863 903 videam
900 853 970 902 his
1006 852 1130 901 locis
1165 851 1458 901 Christianae
1510 853 1709 926 religio-

324 922 395 968 nis
392 922 765 1052 9propacraniae
803 918 1233 984 opportunitatem
1269 917 1418 986 longe
1445 893 1709 979 majorem

478 964 707 1036 Molucus
744 990 881 1051 regio
917 999 992 1035 est
1027 985 1231 1033 modicis
1265 1000 1325 1033 ac
1361 990 1516 1060 prope
1563 986 1706 1034 innu-

322 1006 640 1101 me9rabilibus
678 1053 887 1103 discreta
922 1051 1118 1102 insulis:
1161 1066 1251 1098 nec
1288 1063 1406 1100 satis
1442 1051 1599 1100 adhuc
1621 1068 1706 1100 ex-

323 1119 573 1183 ploratum
613 1132 719 1179 est,
757 1133 820 1167 an
858 1136 966 1182 pars
1003 1117 1105 1177 ejus
1140 1117 1304 1180 aliqua
1341 1116 1402 1165 sit
1448 1118 1495 1165 in
1543 1118 1704 1167 conti-

323 1187 495 1235 nenti.
532 1188 717 1236 Omnes
771 1185 923 1235 ferme
973 1184 1141 1233 insulae
1192 1185 1309 1233 vicis
1362 1180 1704 1256 frequentibus

323 1252 643 1302 habitantur.
674 1253 858 1326 Incolae
896 1255 1047 1315 porro
1081 1250 1168 1313 ipsi
1204 1248 1350 1299 facile
1388 1266 1436 1299 se
1473 1249 1707 1323 adjunge-

322 1332 434 1367 rent
469 1320 703 1379 Christo,
741 1318 827 1367 nisi
867 1319 1149 1367 hortatores
1183 1318 1435 1366 deessent.
1459 1316 1708 1365 Nimirum

322 1384 360 1431 si
397 1384 595 1449 aliquoi
634 1385 680 1431 in
720 1385 788 1432 his
834 1382 954 1432 locis
1006 1395 1137 1431 esset
1171 1382 1439 1432 Societatis
1501 1382 1707 1431 domici-

322 1449 470 1509 lium,
509 1450 726 1524 plerique
748 1449 1029 1499 Christiana
1066 1450 1212 1498 Sacra
1248 1449 1579 1511 susciperent.
1607 1452 1710 1498 Ita·-

323 1532 417 1588 que
454 1533 658 1565 omnino
695 1515 894 1566 decrevi
931 1514 1158 1570 efficere,
1213 1527 1268 1564 ut
1320 1516 1368 1563 in
1423 1514 1551 1564 hisce
1589 1515 1706 1564 ulti-

322 1599 409 1631 mis
445 1582 582 1632 terris
616 1582 780 1646 aliqua
816 1581 1019 1630 tandem
1056 1581 1250 1630 ratione
1287 1581 1422 1630 sedes
1477 1580 1700 1632 colloce-

323 1662 403 1698 tur
439 1650 616 1699 nostris
653 1648 962 1696 hominibus:
1019 1645 1113 1703 iarn
1168 1663 1298 1695 nunc
1351 1645 1482 1696 enim
1518 1650 1705 1712 pros-pi-

324 1715 439 1776 ci0‚
476 1728 602 1782 quot
636 1713 845 1779 populos
880 1728 939 1763 ea
974 1729 1048 1762 res
1096 1713 1299 1764 Christo
1351 1712 1415 1762 sit
1467 1729 1706 1782 aggrega-

323 1794 464 1831 tura.

395 1867 467 1898 10.
505 1849 559 1896 In
597 1847 689 1895 hac
733 1844 886 1895 insula·
908 1844 1156 1896 Amboino
1196 1845 1393 1895 Ethnici
1429 1844 1626 1913 longep
1631 1846 1705 1895 iu

322 1930 396 1965 res
432 1926 545 1963 sunt
580 1914 832 1962 Saracenis
851 1926 1029 1978 ,atque
1051 1913 1111 1960 ab
1149 1913 1215 1961 eis
1251 1911 1434 1964 acerbo
1471 1913 1705 1986 dissident

324 1981 475 2030 odio.
513 1980 710 2054 Quippe
746 1979 857 2028 illos
895 1979 1125 2028 Saraceni
1165 1991 1251 2028 aut
1290 1980 1588 2029 Mahornetis
1640 1978 1702 2026 ri-

322 2060 401 2097 tus
437 2060 710 2107 suscipere,
765 2058 853 2096 aut
899 2047 987 2094 sibi
1035 2045 1216 2095 servire
1253 2058 1473 2123 cogunt.
1508 2044 1704 2094 Frhnici

326 2126 493 2166 autem
529 2112 777 2176 plerique,
816 2125 992 2176 utpote
1029 2113 1108 2177 qui
1137 2115 1299 2182 ’magis
1337 2112 1485 2161 etiam
1525 2112 1703 2159 Maho-

319 2180 464 2229 rnetis
502 2195 684 2229 nomen
721 2147 913 2229 oderint
951 2182 1094 2244 quum
1133 2177 1294 2243 iugum
1333 2177 1610 2236 servitutis,
1649 2176 1705 2224 '11⁴

319 2246 478 2296 lorum
517 2245 912 2320 superstitionem
952 2243 1221 2309 repudiant
1257 2243 1506 2292 tundituS.
1544 2244 1590 2291 Si
1629 2258 1703 2291 es-

321 2326 463 2372 sent,
501 2313 581 2376 qui
619 2328 704 2361 eos
741 2313 1059 2361 instituerent
1096 2311 1156 2359 ad
1195 2325 1357 2359 veram
1379 2308 1699 2376 religionem,¹

321 2380 452 2431 haud
487 2383 674 2447 magno
706 2379 915 2445 negotio
949 2379 1012 2428 ad
1048 2376 1249 2431 Christi
1268 2375 1400 2426 oxile
1456 2390 1697 2443 aggrega.

1526 2457 1633 2492 ren-
