1781 2889
1272 86 1278 105 l

362 200 429 250 xii
679 201 1364 252 PROLEGOMENA

298 294 469 367 Pragae
519 316 597 348 an.
637 300 796 364 1667:
851 300 999 347 eodem
1044 303 1290 360 nimirum,
1347 316 1432 365 quo
1469 303 1683 350 Posi-inus

301 372 472 430 priores
506 369 614 419 illas,
638 370 711 416 18.
746 368 883 415 simul
917 384 1014 414 cum
1051 369 1157 415 aliis
1192 383 1288 432 72,
1327 383 1444 431 quas
1480 366 1685 432 undique

304 437 582 500 collegerat,
631 432 787 480 ordine
832 445 1075 495 temporum
1115 433 1315 480 tributas
1350 435 1483 481 libris
1516 448 1684 499 septem

303 503 386 550 sub
445 503 694 548 Novarum
751 501 1061 561 Epistolarum
1116 503 1450 562 nuncupatione
1521 499 1688 548 eisdem

304 568 474 633 ‚quibus
509 580 648 614 antea
684 565 851 613 librum
890 569 1098 628 quintum
1143 568 1408 613 Varesianis
1444 570 1561 631 typis
1600 568 1689 612 Ro-

307 652 388 681 mae
425 634 691 697 vulgavit.
745 629 925 678 Procliit
972 630 1134 679 ibidem
1185 647 1263 678 an.
1303 632 1440 680 1681.
1474 631 1690 680 Secunda

307 698 559 748 eorumdem
609 697 826 744 librorum
862 710 1027 759 septem
1066 696 1220 745 editio
1277 711 1336 744 ex
1393 713 1523 745 nova
1578 708 1721 745 cum‘

307 760 591 826 archetypis
623 760 897 810 collatione
935 761 981 808 in
1006 761 1152 809 Indiis
1187 759 1353 820 facta,
1391 763 1656 812 emendata
1678 799 1693 812 .

315 834 424 879 Hac
479 827 661 894 quidem
716 828 959 876 emendata
1000 829 1173 875 Possim·
1229 827 1423 878 editione
1474 848 1584 878 usus
1628 843 1696 880 est

311 897 457 945 editor
480 896 788 954 Coloniensis,
827 898 906 960 qui
941 907 1061 942 anno
1100 893 1241 957 1692.
1275 908 1373 958 post
1409 896 1547 946 libros
1572 896 1691 945 ‘Tur-

311 965 465 1012 sellini
501 973 733 1026 quatuor,
787 962 889 1009 illos
924 964 1063 1008 etiam
1101 963 1278 1009 Possini
1327 975 1493 1023 septem
1545 973 1709 1010 recus·'

313 1034 413 1089 sit,·
468 1026 558 1076 sed¹
582 1029 651 1078 ita
685 1031 982 1085 inconcinne,
1036 1041 1087 1075 ut
1139 1038 1238 1089 post
1272 1042 1319 1092 4.
1356 1026 1603 1078 ‘sursellini
1639 1030 1696 1077 li-

313 1098 417 1144 bros
454 1096 504 1143 &
526 1096 701 1142 Possini
738 1098 948 1158 quintum
984 1110 1045 1140 ex
1082 1093 1276 1140 editione
1310 1095 1565 1159 Pragensi‚
1601 1110 1699 1159 sep-

315 1176 401 1209 tem
440 1159 641 1222 ejusdem
679 1163 852 1208 Possini
887 1160 1026 1207 libros
1062 1158 1282 1206 exhibeat
1305 1196 1314 1206 .
1368 1162 1555 1229 Qibus
1592 1162 1698 1227 fitj

314 1243 366 1276 ut
395 1228 493 1276 'haec
529 1227 701 1286 editio,
753 1245 852 1292 quae
887 1226 980 1273 u'na
1017 1239 1084 1272 est
1121 1231 1311 1272 omnium
1333 1258 1346 1285 ‚
1402 1243 1520 1291 quas
1560 1246 1701 1276 nove-

312 1299 433 1353 rim,
483 1294 802 1356 amplissima,
850 1294 900 1341 ὠ·
936 1291 1201 1354 duplicatas
1258 1292 1332 1340 18.
1384 1293 1492 1341 libri
1548 1298 1701 1360 quinti

313 1361 526 1424 epistolas
562 1365 821 1419 contineat,
872 1362 922 1408 ὠ·
957 1376 1103 1406 omnes
1139 1360 1259 1405 trino
1297 1373 1541 1423 temporum
1579 1362 1702 1409 ordi-

314 1446 370 1475 ne
406 1427 693 1488 distribuat,
741 1443 826 1475 non
860 1429 955 1476 sine
991 1440 1156 1490 magno
1190 1425 1437 1489 legentium
1475 1425 1610 1475 taedio
1647 1431 1699 1478 &-

316 1493 589 1543 incommodo
610 1528 623 1540 .

383 1561 432 1611 6.
469 1564 530 1610 Ut
566 1573 718 1607 autem
753 1559 893 1606 lector
926 1573 1005 1622 per
1039 1575 1086 1606 se
1120 1558 1352 1608 certiorem
1390 1559 1448 1608 de
1481 1559 1569 1608 hac
1604 1575 1701 1608 am-

311 1622 525 1691 'plissima
580 1626 774 1675 editione
825 1629 1097 1674 sententiam
1123 1623 1254 1690 ferre
1290 1629 1462 1688 possit,
1516 1627 1705 1675 brevem

317 1693 419 1756 ejus
450 1690 761 1758 praefationem
797 1694 1087 1752 exscribam,
1143 1709 1204 1739 ex
1242 1691 1462 1740 hactenus
1495 1692 1636 1741 dictis
1671 1705 1704 1740 a

318 1765 488 1826 quovis
511 1759 662 1825 facil&
699 1758 1031 1808 emendandam
1055 1794 1067 1806 .
1122 1757 1319 1816 HabeS,
1375 1763 1560 1824 inquit,
1621 1758 1705 1806 be·

283 1868 288 1875 .
319 1825 499 1875 nevole
533 1826 725 1886 lector,
763 1823 997 1886 epistolas
1037 1840 1066 1872 a
1105 1824 1152 1871 S.
1190 1823 1446 1872 Francisco
1484 1824 1708 1874 Xaverio

318 1893 570 1943 Indiarum
609 1890 855 1956 Apostolo
891 1889 1229 1954 conscriptaS,
1270 1885 1460 1940 ve'teres
1514 1904 1566 1940 et
1615 1906 1706 1938 no-

319 1974 441 2020 vas;
480 1958 549 2007 ita
586 1957 891 2022 appellataS,
942 1957 1076 2022 quod
1133 1955 1318 2019 priores
1373 1956 1513 2006 cititis
1549 1954 1704 2005 colle-

321 2037 445 2085 ctae‚
481 2024 621 2074 ciricis
658 2025 719 2073 ad
756 2022 965 2087 proelum
1001 2036 1053 2072 et
1089 2019 1250 2070 lucem
1287 2023 1544 2082 venerint,
1593 2037 1706 2086 pos-

321 2090 527 2141 teriores
565 2094 684 2141 vero
720 2089 905 2139 tardius
941 2101 1279 2148 coacervatae,
1317 2088 1562 2139 recentitis
1600 2086 1705 2138 fue-

321 2157 419 2206 rint
456 2156 701 2224 vulgatae‚
760 2156 982 2222 quamvis
1034 2156 1153 2205 alies
1206 2156 1374 2204 harum
1430 2152 1708 2218 complures

321 2223 494 2273 ordine
533 2222 771 2286 temporis
809 2222 1055 2273 veteribus
1103 2222 1387 2286 quibusdam
1433 2220 1531 2271 sint
1582 2220 1711 2270 anti-

322 2290 553 2354 quiores.
587 2288 821 2355 Epistolae
857 2303 1050 2340 veteres
1087 2287 1219 2338 libris
1272 2287 1487 2353 quinque
1543 2285 1709 2339 conti-

320 2369 529 2418 nentur,
569 2354 620 2407 'et
655 2358 766 2406 etim
803 2355 952 2418 alibi,
1004 2358 1109 2407 tam
1159 2354 1309 2406 etiam
1358 2356 1522 2422 Pragae
1576 2352 1708 2428 typis

1536 2436 1643 2469 um-
