1781 2889
344 208 380 261 8
577 206 628 259 S.
657 200 1034 259 FRANCISCI
1070 194 1364 256 XAVERII

278 305 509 372 inquam,
546 317 801 367 erumpere
835 299 932 362 iam
953 301 1198 365 coeperint
1218 319 1372 365 nuper
1389 313 1666 354 tumescen-

276 385 354 423 tes
392 375 648 422 Haeresum
684 370 858 430 minae,
894 370 1200 419 commodisis
1252 371 1309 422 ὃ(
1357 368 1545 433 plenius
1579 387 1666 422 co·

275 442 382 490 ram
416 449 643 487 sermone
679 438 747 484 D.
785 435 923 502 Mag-
959 436 1143 502 Ignatii
1177 449 1477 504 cognoscere
1521 449 1646 502 pote

274 504 371 555 tis:
409 515 559 568 quare
599 502 659 551 de
695 500 766 549 his
802 503 1011 550 scribere
1047 515 1188 566 super
1224 498 1369 553 sedeo
1392 534 1403 551 .-
1454 503 1531 553 Ad
1581 520 1666 553 ex-

274 583 489 622 tremum
560 568 665 627 Te,
735 566 988 626 Domine,
1035 568 1336 638 ⁸pariterque
1395 565 1666 620 Dominam

276 639 510 686 Sororem
545 643 707 682 meam
741 644 879 683 tuam
915 633 1224 700 Conlugem5
1265 631 1467 698 millies,
1521 647 1669 701 prout

272 701 391 752 hinc
427 716 655 766 possum,-
693 709 925 748 manuum
973 699 1325 750 carissimarum
1361 702 1540 752 osculis
1588 718 1669 752 ve-

274 781 488 830 nerans,
525 781 702 831 precor
737 767 933 826 Deum,
970 777 1037 814 ut·
1061 768 1232 817 ambos
1283 764 1416 816 omni
1469 780 1668 833 prospe-

273 835 428 885 ritate
463 833 578 883 vitae
615 829 838 882 florentis
874 827 1150 882 cumulatos
1167 847 1329 885 servet
1347 832 1670 900 fortunetque·

271 900 325 949 in
362 913 517 951 annos
552 893 819 964 plurimos-9
875 911 1027 963 prout
1077 912 1242 950 vestra
1292 900 1543 965 utriusque
1589 900 1669 965 pia

271 966 336 1020 &
368 978 611 1036 generosa
648 965 799 1016 corda
834 964 1140 1016 desiderant.
1177 967 1258 1016 Sic
1295 968 1576 1017 vovebam.

410 1033 624 1084 Lutetiae
658 1031 953 1083 Parisiorum
988 1049 1139 1084 vr11.
1177 1034 1275 1083 kald
1312 1032 1538 1096 Apriles,

340 1098 475 1152 Anni
523 1113 633 1150 nota
678 1117 764 1149 non
812 1103 1096 1165 exprimitur
1148 1100 1197 1149 in
1233 1101 1525 1168 Archetypo.
1579 1095 1673 1149 Sed

273 1184 374 1220 cum
411 1168 602 1216 aliunde
655 1170 955 1216 certissimum
1008 1170 1070 1215 sit
1123 1170 1176 1216 S.
1222 1171 1461 1235 Ignatium
1525 1169 1674 1215 ivisse

275 1234 480 1285 Parisiis
525 1237 574 1282 in
614 1232 897 1298 Hispaniam
934 1245 1055 1282 anno
1097 1243 1232 1301 1535.
1256 1247 1342 1282 non·
1378 1247 1446 1282 est
1479 1230 1671 1282 dubium

275 1305 389 1368 quin
425 1300 518 1349 haec
555 1301 766 1364 Epistola
803 1304 842 1349 ei
876 1301 941 1348 ad
976 1300 1103 1350 istud
1138 1306 1227 1350 iter
1260 1302 1488 1365 procincto
1523 1299 1667 1357 data,

275 1370 451 1433 scripta
475 1365 629 1429 fiterit
664 1367 741 1414 illo
792 1365 889 1431 ipso
937 1384 1057 1416 anno
1103 1368 1286 1417 Christi
1339 1366 1670 1416 MDXXXV.

406 1431 785 1483 Addictissimus
822 1432 934 1483 Tibi
985 1435 1163 1483 Servus
1199 1434 1258 1485 &
1294 1435 1462 1485 Frater
1512 1429 1674 1480 minor

679 1504 955 1550 Franciscus
989 1501 1046 1549 de
1083 1504 1291 1550 Xavier.

541 1598 583 1649 E
631 1600 667 1649 P
721 1601 826 1649 IS
878 1595 919 1648 T
973 1600 1022 1650 O
1078 1601 1115 1650 L
1169 1599 1214 1651 A
1301 1596 1403 1651 II.

642 1684 697 1732 P.
735 1685 809 1732 M.
849 1681 1048 1751 I'gmttio
1084 1681 1306 1743 Lojolae.

272 1763 478 1831 Spondet
501 1763 730 1833 frequens
766 1769 1027 1816 literarium
1066 1768 1405 1816 commercium.
1431 1763 1666 1814 Cardina-

338 1838 401 1885 lis
439 1837 617 1882 Inureae
653 1838 700 1881 in
735 1837 1027 1883 Franciscum
1051 1835 1101 1884 ἄν
1131 1839 1401 1885 Societatem
1432 1832 1625 1899 affectus·
1641 1848 1665 1893 ;

338 1900 514 1964 Legati
550 1915 664 1966 erga
701 1901 898 1950 eundum
934 1903 1118 1960 studia,
1159 1906 1210 1952 (φ
1243 1906 1290 1950 in
1344 1899 1437 1949 aede
1484 1902 1662 1948 Laure-

342 1979 458 2013 tana
492 1969 642 2030 pietas
677 1969 894 2034 religiosa
917 1987 932 2018 .·
970 1973 1178 2019 Bononiae
1206 1980 1347 2035 gesta
1369 2000 1381 2016 .

271 2047 451 2098 Gratia
481 2051 533 2098 ὠ·
568 2052 715 2098 Amor
752 2049 932 2098 Christi
967 2050 1159 2100 Domini
1186 2053 1355 2100 Nostri
1390 2048 1517 2098 adsit
1549 2064 1663 2096 sem-

458 2130 540 2181 per
577 2119 704 2165 nobis
738 2118 919 2166 auxilio
955 2119 1006 2167 &⁰
1030 2117 1208 2184 fitvore
1230 2154 1241 2166 .
1278 2117 1461 2167 Amen.

278 2228 322 2266 1.
346 2214 522 2333 Die
540 2218 728 2266 Sancto
745 2217 941 2266 Paschae
967 2211 1139 2283 accepi
1170 2210 1338 2265 literas
1361 2213 1388 2264 ὲ
1410 2211 1481 2264 Te
1501 2228 1519 2265 .·
1553 2229 1658 2277 per-

508 2282 636 2333 latas
660 2284 708 2331 in
732 2281 865 2334 fasce
889 2285 949 2332 ad
984 2284 1258 2335 Dominum
1276 2283 1516 2347 Legatum
1552 2282 1660 2330 mis-

275 2361 329 2403 50
353 2384 367 2412 ,
405 2351 462 2406 8(
497 2367 607 2402 cum
641 2350 698 2399 iis
734 2363 929 2402 tantum
963 2351 1132 2421 gaudii
1176 2363 1236 2401 ac
1273 2347 1658 2411 consolationi5‚

1443 2431 1595 2483 quan·
