<?xml version="1.0" encoding="UTF-8"?>
<!DOCTYPE html PUBLIC "-//W3C//DTD XHTML 1.0 Transitional//EN"
    "http://www.w3.org/TR/xhtml1/DTD/xhtml1-transitional.dtd">
<html xmlns="http://www.w3.org/1999/xhtml" xml:lang="en" lang="en">
 <head>
  <title>
</title>
<meta http-equiv="Content-Type" content="text/html;charset=utf-8" />
  <meta name='ocr-system' content='tesseract 3.04.00' />
  <meta name='ocr-capabilities' content='ocr_page ocr_carea ocr_par ocr_line ocrx_word'/>
</head>
<body>
  <div class='ocr_page' id='page_1' title='image "./sfranciscixaveri01fran_0168.png"; bbox 0 0 1781 2889; ppageno 0'>
   <div class='ocr_carea' id='block_1_1' title="bbox 364 194 1386 255">
    <p class='ocr_par' dir='ltr' id='par_1_1' title="bbox 364 194 1386 255">
     <span class='ocr_line' id='line_1_1' title="bbox 364 194 1386 255; baseline -0.006 0"><span class='ocrx_word' id='word_1_1' title='bbox 364 215 428 255; x_wconf 80' lang='lat'>12</span> <span class='ocrx_word' id='word_1_2' title='bbox 597 203 648 253; x_wconf 87' lang='lat' dir='ltr'>S.</span> <span class='ocrx_word' id='word_1_3' title='bbox 682 197 1054 254; x_wconf 86' lang='lat' dir='ltr'>FRANCISCI</span> <span class='ocrx_word' id='word_1_4' title='bbox 1091 194 1386 251; x_wconf 77' lang='lat' dir='ltr'>XAVERH</span> 
     </span>
    </p>
   </div>
   <div class='ocr_carea' id='block_1_2' title="bbox 298 294 1722 2465">
    <p class='ocr_par' dir='ltr' id='par_1_2' title="bbox 298 294 1722 1886">
     <span class='ocr_line' id='line_1_2' title="bbox 300 294 1684 363; baseline -0.002 -18"><span class='ocrx_word' id='word_1_5' title='bbox 300 297 478 363; x_wconf 76' lang='lat' dir='ltr'>psimus</span> <span class='ocrx_word' id='word_1_6' title='bbox 525 307 626 347; x_wconf 83' lang='lat' dir='ltr'>tres</span> <span class='ocrx_word' id='word_1_7' title='bbox 676 313 895 350; x_wconf 82' lang='lat' dir='ltr'>menses:</span> <span class='ocrx_word' id='word_1_8' title='bbox 945 299 1021 346; x_wconf 88' lang='lat' dir='ltr'>Eo</span> <span class='ocrx_word' id='word_1_9' title='bbox 1065 309 1212 347; x_wconf 85' lang='lat' dir='ltr'>tanto</span> <span class='ocrx_word' id='word_1_10' title='bbox 1247 309 1412 346; x_wconf 85' lang='lat' dir='ltr'>tractu</span> <span class='ocrx_word' id='word_1_11' title='bbox 1456 294 1684 346; x_wconf 80' lang='lat' dir='ltr'>locorum</span> 
     </span>
     <span class='ocr_line' id='line_1_3' title="bbox 299 361 1686 429; baseline -0.004 -16"><span class='ocrx_word' id='word_1_12' title='bbox 299 365 360 418; x_wconf 69' lang='grc' dir='ltr'>ὅ(</span> <span class='ocrx_word' id='word_1_13' title='bbox 408 377 719 427; x_wconf 87' lang='lat' dir='ltr'>temporum,</span> <span class='ocrx_word' id='word_1_14' title='bbox 773 364 821 412; x_wconf 88' lang='lat' dir='ltr'>in</span> <span class='ocrx_word' id='word_1_15' title='bbox 873 375 955 413; x_wconf 89' lang='lat' dir='ltr'>tot</span> <span class='ocrx_word' id='word_1_16' title='bbox 1006 365 1258 429; x_wconf 88' lang='lat' dir='ltr'>tantisque</span> <span class='ocrx_word' id='word_1_17' title='bbox 1312 361 1686 413; x_wconf 80' lang='lat' dir='ltr'>difficultatibus</span> 
     </span>
     <span class='ocr_line' id='line_1_4' title="bbox 298 425 1688 495; baseline -0.004 -15"><span class='ocrx_word' id='word_1_18' title='bbox 298 447 360 480; x_wconf 81' lang='lat' dir='ltr'>ac</span> <span class='ocrx_word' id='word_1_19' title='bbox 395 429 678 490; x_wconf 78' lang='lat' dir='ltr'>laboribus,</span> <span class='ocrx_word' id='word_1_20' title='bbox 713 443 849 478; x_wconf 88' lang='lat' dir='ltr'>usum</span> <span class='ocrx_word' id='word_1_21' title='bbox 884 445 1076 494; x_wconf 79' lang='lat' dir='ltr'><strong>semper</strong></span> <span class='ocrx_word' id='word_1_22' title='bbox 1108 429 1252 479; x_wconf 85' lang='lat' dir='ltr'>fuisse</span> <span class='ocrx_word' id='word_1_23' title='bbox 1303 429 1498 495; x_wconf 63' lang='lat' dir='ltr'>optima</span> <span class='ocrx_word' id='word_1_24' title='bbox 1550 425 1688 477; x_wconf 80' lang='lat' dir='ltr'>vale·</span> 
     </span>
     <span class='ocr_line' id='line_1_5' title="bbox 298 491 1690 561; baseline -0.005 -14"><span class='ocrx_word' id='word_1_25' title='bbox 298 497 474 547; x_wconf 85' lang='lat' dir='ltr'>tudine</span> <span class='ocrx_word' id='word_1_26' title='bbox 528 498 595 544; x_wconf 90' lang='lat' dir='ltr'>D.</span> <span class='ocrx_word' id='word_1_27' title='bbox 631 497 908 561; x_wconf 81' lang='lat' dir='ltr'>Legatum,</span> <span class='ocrx_word' id='word_1_28' title='bbox 959 494 1016 546; x_wconf 84' lang='lat'>&amp;</span> <span class='ocrx_word' id='word_1_29' title='bbox 1067 498 1342 546; x_wconf 82' lang='lat' dir='ltr'>universam</span> <span class='ocrx_word' id='word_1_30' title='bbox 1396 495 1496 557; x_wconf 87' lang='lat' dir='ltr'>ejus</span> <span class='ocrx_word' id='word_1_31' title='bbox 1545 491 1690 543; x_wconf 83' lang='lat' dir='ltr'>fami-</span> 
     </span>
     <span class='ocr_line' id='line_1_6' title="bbox 301 559 1688 624; baseline -0.002 -14"><span class='ocrx_word' id='word_1_32' title='bbox 301 561 419 611; x_wconf 86' lang='lat' dir='ltr'>liam</span> <span class='ocrx_word' id='word_1_33' title='bbox 453 564 481 610; x_wconf 77' lang='lat' dir='ltr'>a</span> <span class='ocrx_word' id='word_1_34' title='bbox 518 559 739 609; x_wconf 89' lang='lat' dir='ltr'>maximo</span> <span class='ocrx_word' id='word_1_35' title='bbox 773 576 929 624; x_wconf 90' lang='lat' dir='ltr'>usque</span> <span class='ocrx_word' id='word_1_36' title='bbox 964 562 1028 608; x_wconf 93' lang='lat' dir='ltr'>ad</span> <span class='ocrx_word' id='word_1_37' title='bbox 1064 563 1337 624; x_wconf 82' lang='lat' dir='ltr'>minimum,</span> <span class='ocrx_word' id='word_1_38' title='bbox 1378 579 1454 613; x_wconf 84' lang='lat' dir='ltr'>res</span> <span class='ocrx_word' id='word_1_39' title='bbox 1492 573 1567 611; x_wconf 82' lang='lat' dir='ltr'>est</span> <span class='ocrx_word' id='word_1_40' title='bbox 1599 574 1688 608; x_wconf 90' lang='lat' dir='ltr'>un-</span> 
     </span>
     <span class='ocr_line' id='line_1_7' title="bbox 303 624 1689 693; baseline -0.004 -16"><span class='ocrx_word' id='word_1_41' title='bbox 303 632 363 677; x_wconf 89' lang='lat' dir='ltr'>de</span> <span class='ocrx_word' id='word_1_42' title='bbox 414 624 592 675; x_wconf 85' lang='lat' dir='ltr'>multas</span> <span class='ocrx_word' id='word_1_43' title='bbox 640 625 809 674; x_wconf 83' lang='lat' dir='ltr'>laudes</span> <span class='ocrx_word' id='word_1_44' title='bbox 861 627 918 678; x_wconf 71' lang='grc' dir='ltr'>δε</span> <span class='ocrx_word' id='word_1_45' title='bbox 970 627 1151 693; x_wconf 72' lang='lat' dir='ltr'>gratias</span> <span class='ocrx_word' id='word_1_46' title='bbox 1206 629 1404 678; x_wconf 86' lang='lat' dir='ltr'>Christo</span> <span class='ocrx_word' id='word_1_47' title='bbox 1459 625 1689 678; x_wconf 88' lang='lat' dir='ltr'>Domino</span> 
     </span>
     <span class='ocr_line' id='line_1_8' title="bbox 301 690 1691 757; baseline -0.002 -15"><span class='ocrx_word' id='word_1_48' title='bbox 301 690 496 743; x_wconf 85' lang='lat' dir='ltr'>Nostro</span> <span class='ocrx_word' id='word_1_49' title='bbox 531 691 665 742; x_wconf 83' lang='lat' dir='ltr'>reddi</span> <span class='ocrx_word' id='word_1_50' title='bbox 699 708 788 757; x_wconf 87' lang='lat' dir='ltr'>par</span> <span class='ocrx_word' id='word_1_51' title='bbox 820 690 913 741; x_wconf 81' lang='lat' dir='ltr'>sit:</span> <span class='ocrx_word' id='word_1_52' title='bbox 951 693 1166 742; x_wconf 74' lang='lat' dir='ltr'>maxime</span> <span class='ocrx_word' id='word_1_53' title='bbox 1204 694 1335 756; x_wconf 82' lang='lat' dir='ltr'>quod</span> <span class='ocrx_word' id='word_1_54' title='bbox 1377 693 1508 744; x_wconf 82' lang='lat' dir='ltr'>ultra</span> <span class='ocrx_word' id='word_1_55' title='bbox 1554 707 1691 742; x_wconf 90' lang='lat' dir='ltr'>com-</span> 
     </span>
     <span class='ocr_line' id='line_1_9' title="bbox 300 760 1691 824; baseline -0.002 -15"><span class='ocrx_word' id='word_1_56' title='bbox 300 774 501 809; x_wconf 84' lang='lat' dir='ltr'>munem</span> <span class='ocrx_word' id='word_1_57' title='bbox 548 775 686 808; x_wconf 87' lang='lat' dir='ltr'>suum</span> <span class='ocrx_word' id='word_1_58' title='bbox 737 774 1061 819; x_wconf 85' lang='lat' dir='ltr'>concursum,</span> <span class='ocrx_word' id='word_1_59' title='bbox 1096 760 1395 824; x_wconf 80' lang='lat' dir='ltr'>peculiarem</span> <span class='ocrx_word' id='word_1_60' title='bbox 1441 776 1536 809; x_wconf 86' lang='lat' dir='ltr'>suae</span> <span class='ocrx_word' id='word_1_61' title='bbox 1588 773 1691 807; x_wconf 86' lang='lat' dir='ltr'>ma-</span> 
     </span>
     <span class='ocr_line' id='line_1_10' title="bbox 300 824 1692 889; baseline -0.002 -14"><span class='ocrx_word' id='word_1_62' title='bbox 300 825 391 876; x_wconf 71' lang='lat' dir='ltr'>nus</span> <span class='ocrx_word' id='word_1_63' title='bbox 427 825 802 889; x_wconf 87' lang='lat' dir='ltr'>protectionem</span> <span class='ocrx_word' id='word_1_64' title='bbox 837 824 1089 887; x_wconf 76' lang='lat' dir='ltr'>adhibuit,</span> <span class='ocrx_word' id='word_1_65' title='bbox 1126 827 1187 875; x_wconf 84' lang='lat' dir='ltr'>ad</span> <span class='ocrx_word' id='word_1_66' title='bbox 1225 827 1331 875; x_wconf 87' lang='lat' dir='ltr'>Nos</span> <span class='ocrx_word' id='word_1_67' title='bbox 1382 825 1572 874; x_wconf 86' lang='lat' dir='ltr'>cunctis</span> <span class='ocrx_word' id='word_1_68' title='bbox 1606 837 1692 889; x_wconf 90' lang='lat' dir='ltr'>pe-</span> 
     </span>
     <span class='ocr_line' id='line_1_11' title="bbox 301 890 1696 955; baseline -0.004 -12"><span class='ocrx_word' id='word_1_69' title='bbox 301 891 463 944; x_wconf 81' lang='lat' dir='ltr'>riculis</span> <span class='ocrx_word' id='word_1_70' title='bbox 510 891 840 953; x_wconf 85' lang='lat' dir='ltr'>liberandos;</span> <span class='ocrx_word' id='word_1_71' title='bbox 893 891 965 940; x_wconf 85' lang='lat' dir='ltr'>uti</span> <span class='ocrx_word' id='word_1_72' title='bbox 1018 893 1075 944; x_wconf 84' lang='lat'>&amp;</span> <span class='ocrx_word' id='word_1_73' title='bbox 1129 892 1191 940; x_wconf 84' lang='lat' dir='ltr'>ad</span> <span class='ocrx_word' id='word_1_74' title='bbox 1241 891 1574 955; x_wconf 85' lang='lat' dir='ltr'>inspirandam</span> <span class='ocrx_word' id='word_1_75' title='bbox 1626 890 1696 939; x_wconf 88' lang='lat' dir='ltr'>D.</span> 
     </span>
     <span class='ocr_line' id='line_1_12' title="bbox 306 957 1696 1025; baseline -0.004 -16"><span class='ocrx_word' id='word_1_76' title='bbox 306 960 503 1025; x_wconf 80' lang='lat' dir='ltr'>Legato</span> <span class='ocrx_word' id='word_1_77' title='bbox 538 971 758 1008; x_wconf 87' lang='lat' dir='ltr'>mentem</span> <span class='ocrx_word' id='word_1_78' title='bbox 795 973 854 1006; x_wconf 89' lang='lat' dir='ltr'>ac</span> <span class='ocrx_word' id='word_1_79' title='bbox 891 957 1204 1021; x_wconf 83' lang='lat' dir='ltr'>prudentiam</span> <span class='ocrx_word' id='word_1_80' title='bbox 1235 958 1556 1008; x_wconf 83' lang='lat' dir='ltr'>continendae</span> <span class='ocrx_word' id='word_1_81' title='bbox 1590 967 1696 1006; x_wconf 86' lang='lat' dir='ltr'>tam</span> 
     </span>
     <span class='ocr_line' id='line_1_13' title="bbox 302 1022 1695 1099; baseline -0.003 -25"><span class='ocrx_word' id='word_1_82' title='bbox 302 1026 476 1075; x_wconf 69' lang='lat' dir='ltr'>sancta</span> <span class='ocrx_word' id='word_1_83' title='bbox 539 1024 794 1089; x_wconf 68' lang='lat' dir='ltr'>disciplina</span> <span class='ocrx_word' id='word_1_84' title='bbox 858 1024 1070 1073; x_wconf 83' lang='lat' dir='ltr'>Familiae</span> <span class='ocrx_word' id='word_1_85' title='bbox 1124 1041 1264 1086; x_wconf 81' lang='lat' dir='ltr'>suae,</span> <span class='ocrx_word' id='word_1_86' title='bbox 1318 1037 1375 1074; x_wconf 91' lang='lat' dir='ltr'>ut</span> <span class='ocrx_word' id='word_1_87' title='bbox 1429 1022 1695 1099; x_wconf 81' lang='lat' dir='ltr'>Religiosae</span> 
     </span>
     <span class='ocr_line' id='line_1_14' title="bbox 305 1087 1696 1155; baseline -0.004 -13"><span class='ocrx_word' id='word_1_88' title='bbox 305 1092 670 1142; x_wconf 86' lang='lat' dir='ltr'>Communitati</span> <span class='ocrx_word' id='word_1_89' title='bbox 704 1089 908 1139; x_wconf 82' lang='lat' dir='ltr'>similior</span> <span class='ocrx_word' id='word_1_90' title='bbox 942 1106 1091 1155; x_wconf 81' lang='lat' dir='ltr'>quam</span> <span class='ocrx_word' id='word_1_91' title='bbox 1138 1088 1354 1140; x_wconf 86' lang='lat' dir='ltr'>saeculari</span> <span class='ocrx_word' id='word_1_92' title='bbox 1404 1090 1572 1140; x_wconf 75' lang='lat' dir='ltr'>domui</span> <span class='ocrx_word' id='word_1_93' title='bbox 1623 1087 1696 1138; x_wconf 84' lang='lat' dir='ltr'>vi-</span> 
     </span>
     <span class='ocr_line' id='line_1_15' title="bbox 302 1153 1698 1222; baseline -0.002 -15"><span class='ocrx_word' id='word_1_94' title='bbox 302 1159 528 1208; x_wconf 86' lang='lat' dir='ltr'>deretur.</span> <span class='ocrx_word' id='word_1_95' title='bbox 564 1158 622 1207; x_wconf 91' lang='lat' dir='ltr'>Id</span> <span class='ocrx_word' id='word_1_96' title='bbox 655 1156 739 1206; x_wconf 88' lang='lat' dir='ltr'>ille</span> <span class='ocrx_word' id='word_1_97' title='bbox 775 1157 1129 1220; x_wconf 79' lang='lat' dir='ltr'>assequebatur</span> <span class='ocrx_word' id='word_1_98' title='bbox 1174 1154 1544 1222; x_wconf 88' lang='lat' dir='ltr'>frequentando</span> <span class='ocrx_word' id='word_1_99' title='bbox 1593 1153 1698 1219; x_wconf 86' lang='lat' dir='ltr'>ipse</span> 
     </span>
     <span class='ocr_line' id='line_1_16' title="bbox 303 1221 1697 1277; baseline -0.006 0"><span class='ocrx_word' id='word_1_100' title='bbox 303 1226 628 1277; x_wconf 78' lang='lat' dir='ltr'>Sacramenta</span> <span class='ocrx_word' id='word_1_101' title='bbox 665 1222 1006 1274; x_wconf 80' lang='lat' dir='ltr'>Confessionis</span> <span class='ocrx_word' id='word_1_102' title='bbox 1059 1224 1116 1275; x_wconf 75' lang='lat' dir='ltr'>&lt;Sc</span> <span class='ocrx_word' id='word_1_103' title='bbox 1162 1222 1513 1274; x_wconf 76' lang='lat' dir='ltr'>Eucharistiae:</span> <span class='ocrx_word' id='word_1_104' title='bbox 1565 1221 1697 1270; x_wconf 90' lang='lat' dir='ltr'>unde</span> 
     </span>
     <span class='ocr_line' id='line_1_17' title="bbox 306 1287 1722 1352; baseline -0.003 -12"><span class='ocrx_word' id='word_1_105' title='bbox 306 1291 489 1352; x_wconf 82' lang='lat' dir='ltr'>fiebat,</span> <span class='ocrx_word' id='word_1_106' title='bbox 514 1303 570 1339; x_wconf 89' lang='lat' dir='ltr'>ut</span> <span class='ocrx_word' id='word_1_107' title='bbox 606 1288 776 1339; x_wconf 85' lang='lat' dir='ltr'>famuli</span> <span class='ocrx_word' id='word_1_108' title='bbox 813 1288 914 1346; x_wconf 81' lang='lat' dir='ltr'>eius</span> <span class='ocrx_word' id='word_1_109' title='bbox 949 1289 1078 1338; x_wconf 85' lang='lat' dir='ltr'>idem</span> <span class='ocrx_word' id='word_1_110' title='bbox 1114 1287 1269 1349; x_wconf 81' lang='lat' dir='ltr'>ultro,</span> <span class='ocrx_word' id='word_1_111' title='bbox 1297 1288 1494 1337; x_wconf 87' lang='lat' dir='ltr'>illustris</span> <span class='ocrx_word' id='word_1_112' title='bbox 1529 1295 1722 1338; x_wconf 82' lang='lat' dir='ltr'>exem-‘</span> 
     </span>
     <span class='ocr_line' id='line_1_18' title="bbox 305 1352 1698 1421; baseline -0.001 -16"><span class='ocrx_word' id='word_1_113' title='bbox 305 1357 373 1421; x_wconf 84' lang='lat' dir='ltr'>pii</span> <span class='ocrx_word' id='word_1_114' title='bbox 412 1355 461 1404; x_wconf 87' lang='lat' dir='ltr'>vi</span> <span class='ocrx_word' id='word_1_115' title='bbox 496 1356 670 1418; x_wconf 86' lang='lat' dir='ltr'>tracti,</span> <span class='ocrx_word' id='word_1_116' title='bbox 709 1354 963 1416; x_wconf 82' lang='lat' dir='ltr'>facerent,</span> <span class='ocrx_word' id='word_1_117' title='bbox 1000 1370 1104 1404; x_wconf 84' lang='lat' dir='ltr'>tam</span> <span class='ocrx_word' id='word_1_118' title='bbox 1142 1352 1429 1420; x_wconf 84' lang='lat' dir='ltr'>frequenter</span> <span class='ocrx_word' id='word_1_119' title='bbox 1457 1356 1515 1406; x_wconf 73' lang='lat' dir='ltr'>&lt;Sc</span> <span class='ocrx_word' id='word_1_120' title='bbox 1549 1366 1698 1404; x_wconf 87' lang='lat' dir='ltr'>tanto</span> 
     </span>
     <span class='ocr_line' id='line_1_19' title="bbox 303 1420 1700 1485; baseline -0.002 -14"><span class='ocrx_word' id='word_1_121' title='bbox 303 1440 536 1482; x_wconf 83' lang='lat' dir='ltr'>numerO,</span> <span class='ocrx_word' id='word_1_122' title='bbox 573 1435 630 1472; x_wconf 86' lang='lat' dir='ltr'>ut</span> <span class='ocrx_word' id='word_1_123' title='bbox 663 1438 775 1473; x_wconf 90' lang='lat' dir='ltr'>cum</span> <span class='ocrx_word' id='word_1_124' title='bbox 811 1420 957 1472; x_wconf 71' lang='lat' dir='ltr'>facile</span> <span class='ocrx_word' id='word_1_125' title='bbox 990 1421 1362 1485; x_wconf 81' lang='lat' dir='ltr'>provideremus</span> <span class='ocrx_word' id='word_1_126' title='bbox 1414 1420 1544 1470; x_wconf 88' lang='lat' dir='ltr'>inter</span> <span class='ocrx_word' id='word_1_127' title='bbox 1579 1436 1700 1470; x_wconf 88' lang='lat' dir='ltr'>eun-</span> 
     </span>
     <span class='ocr_line' id='line_1_20' title="bbox 305 1484 1700 1552; baseline -0.002 -15"><span class='ocrx_word' id='word_1_128' title='bbox 305 1491 450 1549; x_wconf 85' lang='lat' dir='ltr'>dum,</span> <span class='ocrx_word' id='word_1_129' title='bbox 487 1490 571 1540; x_wconf 82' lang='lat' dir='ltr'>vix</span> <span class='ocrx_word' id='word_1_130' title='bbox 608 1489 658 1538; x_wconf 87' lang='lat' dir='ltr'>in</span> <span class='ocrx_word' id='word_1_131' title='bbox 694 1488 914 1552; x_wconf 85' lang='lat' dir='ltr'>hospitiis</span> <span class='ocrx_word' id='word_1_132' title='bbox 948 1504 1037 1552; x_wconf 89' lang='lat' dir='ltr'>per</span> <span class='ocrx_word' id='word_1_133' title='bbox 1070 1484 1167 1537; x_wconf 86' lang='lat' dir='ltr'>loci</span> <span class='ocrx_word' id='word_1_134' title='bbox 1217 1504 1275 1537; x_wconf 95' lang='lat' dir='ltr'>ac</span> <span class='ocrx_word' id='word_1_135' title='bbox 1326 1485 1562 1551; x_wconf 85' lang='lat' dir='ltr'>temporis</span> <span class='ocrx_word' id='word_1_136' title='bbox 1611 1501 1700 1534; x_wconf 88' lang='lat' dir='ltr'>an-</span> 
     </span>
     <span class='ocr_line' id='line_1_21' title="bbox 303 1551 1700 1621; baseline -0.001 -17"><span class='ocrx_word' id='word_1_137' title='bbox 303 1557 524 1621; x_wconf 75' lang='lat' dir='ltr'>gustiaS,</span> <span class='ocrx_word' id='word_1_138' title='bbox 574 1555 1011 1606; x_wconf 77' lang='lat' dir='ltr'>commoditatem·</span> <span class='ocrx_word' id='word_1_139' title='bbox 1045 1553 1201 1604; x_wconf 82' lang='lat' dir='ltr'>affore</span> <span class='ocrx_word' id='word_1_140' title='bbox 1253 1551 1589 1603; x_wconf 83' lang='lat' dir='ltr'>satisfaciendi</span> <span class='ocrx_word' id='word_1_141' title='bbox 1635 1568 1700 1602; x_wconf 89' lang='lat' dir='ltr'>eo</span> 
     </span>
     <span class='ocr_line' id='line_1_22' title="bbox 306 1618 1701 1689; baseline -0.002 -18"><span class='ocrx_word' id='word_1_142' title='bbox 306 1625 356 1671; x_wconf 80' lang='lat' dir='ltr'>in</span> <span class='ocrx_word' id='word_1_143' title='bbox 392 1639 578 1689; x_wconf 82' lang='lat' dir='ltr'>genere</span> <span class='ocrx_word' id='word_1_144' title='bbox 612 1634 716 1672; x_wconf 83' lang='lat' dir='ltr'>tam</span> <span class='ocrx_word' id='word_1_145' title='bbox 753 1621 952 1682; x_wconf 83' lang='lat' dir='ltr'>multis,</span> <span class='ocrx_word' id='word_1_146' title='bbox 991 1637 1189 1670; x_wconf 83' lang='lat' dir='ltr'>necesse</span> <span class='ocrx_word' id='word_1_147' title='bbox 1227 1621 1457 1670; x_wconf 82' lang='lat' dir='ltr'>haberem</span> <span class='ocrx_word' id='word_1_148' title='bbox 1508 1618 1569 1669; x_wconf 88' lang='lat' dir='ltr'>de</span> <span class='ocrx_word' id='word_1_149' title='bbox 1617 1618 1701 1668; x_wconf 60' lang='lat' dir='ltr'>via</span> 
     </span>
     <span class='ocr_line' id='line_1_23' title="bbox 310 1682 1700 1753; baseline -0.002 -16"><span class='ocrx_word' id='word_1_150' title='bbox 310 1690 559 1738; x_wconf 83' lang='lat' dir='ltr'>interdum</span> <span class='ocrx_word' id='word_1_151' title='bbox 596 1689 899 1748; x_wconf 83' lang='lat' dir='ltr'>deflectere,</span> <span class='ocrx_word' id='word_1_152' title='bbox 937 1691 1168 1753; x_wconf 80' lang='lat' dir='ltr'>equoque</span> <span class='ocrx_word' id='word_1_153' title='bbox 1206 1686 1434 1748; x_wconf 87' lang='lat' dir='ltr'>desilire;</span> <span class='ocrx_word' id='word_1_154' title='bbox 1471 1701 1530 1734; x_wconf 88' lang='lat' dir='ltr'>ac</span> <span class='ocrx_word' id='word_1_155' title='bbox 1582 1682 1700 1735; x_wconf 89' lang='lat' dir='ltr'>loco</span> 
     </span>
     <span class='ocr_line' id='line_1_24' title="bbox 305 1752 1699 1819; baseline -0.001 -16"><span class='ocrx_word' id='word_1_156' title='bbox 305 1756 492 1806; x_wconf 74' lang='lat' dir='ltr'>idoneo</span> <span class='ocrx_word' id='word_1_157' title='bbox 529 1766 769 1819; x_wconf 75' lang='lat' dir='ltr'>captam,</span> <span class='ocrx_word' id='word_1_158' title='bbox 805 1752 1064 1805; x_wconf 84' lang='lat' dir='ltr'>audiendae</span> <span class='ocrx_word' id='word_1_159' title='bbox 1100 1753 1227 1819; x_wconf 81' lang='lat' dir='ltr'>parti</span> <span class='ocrx_word' id='word_1_160' title='bbox 1254 1752 1560 1804; x_wconf 87' lang='lat' dir='ltr'>servulorum</span> <span class='ocrx_word' id='word_1_161' title='bbox 1579 1759 1699 1817; x_wconf 80' lang='lat' dir='ltr'>‘ope-</span> 
     </span>
     <span class='ocr_line' id='line_1_25' title="bbox 308 1831 1580 1886; baseline 0.002 -14"><span class='ocrx_word' id='word_1_162' title='bbox 308 1839 413 1873; x_wconf 76' lang='lat' dir='ltr'>ram</span> <span class='ocrx_word' id='word_1_163' title='bbox 449 1837 836 1886; x_wconf 83' lang='lat' dir='ltr'>praeoccupare.</span> <span class='ocrx_word' id='word_1_164' title='bbox 974 1844 977 1847; x_wconf 97' lang='lat'>·</span> <span class='ocrx_word' id='word_1_165' title='bbox 1577 1831 1580 1834; x_wconf 83' lang='grc'><strong>’</strong></span> 
     </span>
    </p>

    <p class='ocr_par' dir='ltr' id='par_1_3' title="bbox 306 1879 1702 2418">
     <span class='ocr_line' id='line_1_26' title="bbox 381 1879 1699 1950; baseline -0.005 -13"><span class='ocrx_word' id='word_1_166' title='bbox 381 1906 423 1937; x_wconf 85' lang='lat'>2.</span> <span class='ocrx_word' id='word_1_167' title='bbox 462 1892 596 1937; x_wconf 88' lang='lat' dir='ltr'>Dum</span> <span class='ocrx_word' id='word_1_168' title='bbox 618 1887 712 1938; x_wconf 82' lang='lat' dir='ltr'>iter</span> <span class='ocrx_word' id='word_1_169' title='bbox 732 1900 860 1937; x_wconf 84' lang='lat' dir='ltr'>esset</span> <span class='ocrx_word' id='word_1_170' title='bbox 879 1888 1039 1936; x_wconf 86' lang='lat' dir='ltr'>adhuc</span> <span class='ocrx_word' id='word_1_171' title='bbox 1062 1883 1224 1935; x_wconf 84' lang='lat' dir='ltr'>Nobis</span> <span class='ocrx_word' id='word_1_172' title='bbox 1242 1903 1328 1950; x_wconf 83' lang='lat' dir='ltr'>per</span> <span class='ocrx_word' id='word_1_173' title='bbox 1348 1879 1546 1936; x_wconf 80' lang='lat' dir='ltr'>Italiam</span> <span class='ocrx_word' id='word_1_174' title='bbox 1561 1882 1699 1947; x_wconf 62' lang='lat' dir='ltr'>„pla-</span> 
     </span>
     <span class='ocr_line' id='line_1_27' title="bbox 308 1952 1702 2004; baseline -0.006 0"><span class='ocrx_word' id='word_1_175' title='bbox 308 1954 415 2004; x_wconf 76' lang='lat' dir='ltr'>cuit</span> <span class='ocrx_word' id='word_1_176' title='bbox 468 1954 692 2003; x_wconf 85' lang='lat' dir='ltr'>Domino</span> <span class='ocrx_word' id='word_1_177' title='bbox 747 1955 939 2003; x_wconf 87' lang='lat' dir='ltr'>Nostro</span> <span class='ocrx_word' id='word_1_178' title='bbox 987 1952 1276 2002; x_wconf 86' lang='lat' dir='ltr'>mirabiliter</span> <span class='ocrx_word' id='word_1_179' title='bbox 1329 1955 1530 2002; x_wconf 88' lang='lat' dir='ltr'>Numen</span> <span class='ocrx_word' id='word_1_180' title='bbox 1565 1962 1702 1998; x_wconf 87' lang='lat' dir='ltr'>suum</span> 
     </span>
     <span class='ocr_line' id='line_1_28' title="bbox 310 2016 1699 2086; baseline -0.006 -14"><span class='ocrx_word' id='word_1_181' title='bbox 310 2020 577 2072; x_wconf 77' lang='lat' dir='ltr'>ostendere</span> <span class='ocrx_word' id='word_1_182' title='bbox 615 2020 663 2068; x_wconf 88' lang='lat' dir='ltr'>in</span> <span class='ocrx_word' id='word_1_183' title='bbox 701 2036 801 2068; x_wconf 85' lang='lat' dir='ltr'>uno</span> <span class='ocrx_word' id='word_1_184' title='bbox 836 2036 897 2068; x_wconf 82' lang='lat' dir='ltr'>ex</span> <span class='ocrx_word' id='word_1_185' title='bbox 944 2016 1138 2067; x_wconf 79' lang='lat' dir='ltr'>famulis</span> <span class='ocrx_word' id='word_1_186' title='bbox 1189 2022 1255 2069; x_wconf 92' lang='lat' dir='ltr'>D.</span> <span class='ocrx_word' id='word_1_187' title='bbox 1292 2017 1490 2086; x_wconf 79' lang='lat' dir='ltr'>Legati,</span> <span class='ocrx_word' id='word_1_188' title='bbox 1543 2016 1699 2064; x_wconf 85' lang='lat' dir='ltr'>comi-</span> 
     </span>
     <span class='ocr_line' id='line_1_29' title="bbox 307 2080 1699 2151; baseline -0.004 -15"><span class='ocrx_word' id='word_1_189' title='bbox 307 2086 438 2136; x_wconf 83' lang='lat' dir='ltr'>tibus</span> <span class='ocrx_word' id='word_1_190' title='bbox 475 2086 678 2147; x_wconf 82' lang='lat' dir='ltr'>nostris,</span> <span class='ocrx_word' id='word_1_191' title='bbox 715 2086 802 2135; x_wconf 89' lang='lat' dir='ltr'>illo</span> <span class='ocrx_word' id='word_1_192' title='bbox 839 2085 945 2151; x_wconf 84' lang='lat' dir='ltr'>ipso</span> <span class='ocrx_word' id='word_1_193' title='bbox 981 2101 1125 2151; x_wconf 88' lang='lat' dir='ltr'>quem</span> <span class='ocrx_word' id='word_1_194' title='bbox 1149 2086 1324 2137; x_wconf 82' lang='lat' dir='ltr'>Romae</span> <span class='ocrx_word' id='word_1_195' title='bbox 1358 2080 1543 2134; x_wconf 87' lang='lat' dir='ltr'>vidistis</span> <span class='ocrx_word' id='word_1_196' title='bbox 1579 2097 1699 2130; x_wconf 70' lang='lat' dir='ltr'>con-1</span> 
     </span>
     <span class='ocr_line' id='line_1_30' title="bbox 306 2148 1698 2218; baseline -0.004 -14"><span class='ocrx_word' id='word_1_197' title='bbox 306 2149 507 2216; x_wconf 83' lang='lat' dir='ltr'>ceptum</span> <span class='ocrx_word' id='word_1_198' title='bbox 544 2151 850 2218; x_wconf 81' lang='lat' dir='ltr'>propositum</span> <span class='ocrx_word' id='word_1_199' title='bbox 889 2152 1202 2216; x_wconf 60' lang='lat' dir='ltr'>suscipiendae</span> <span class='ocrx_word' id='word_1_200' title='bbox 1254 2152 1366 2202; x_wconf 83' lang='lat' dir='ltr'>vitae</span> <span class='ocrx_word' id='word_1_201' title='bbox 1413 2148 1698 2198; x_wconf 81' lang='lat' dir='ltr'>monasticae</span> 
     </span>
     <span class='ocr_line' id='line_1_31' title="bbox 310 2215 1700 2287; baseline -0.003 -19"><span class='ocrx_word' id='word_1_202' title='bbox 310 2219 612 2283; x_wconf 75' lang='lat' dir='ltr'>suspendisse</span> <span class='ocrx_word' id='word_1_203' title='bbox 665 2219 873 2284; x_wconf 77' lang='lat' dir='ltr'>primum</span> <span class='ocrx_word' id='word_1_204' title='bbox 935 2218 1070 2287; x_wconf 78' lang='lat' dir='ltr'>segni</span> <span class='ocrx_word' id='word_1_205' title='bbox 1107 2220 1162 2271; x_wconf 86' lang='lat'>&amp;</span> <span class='ocrx_word' id='word_1_206' title='bbox 1197 2215 1380 2285; x_wconf 67' lang='lat' dir='ltr'>ignava</span> <span class='ocrx_word' id='word_1_207' title='bbox 1432 2215 1601 2275; x_wconf 66' lang='lat' dir='ltr'>mora,</span> <span class='ocrx_word' id='word_1_208' title='bbox 1638 2215 1700 2265; x_wconf 85' lang='lat' dir='ltr'>ad</span> 
     </span>
     <span class='ocr_line' id='line_1_32' title="bbox 310 2280 1700 2349; baseline -0.003 -14"><span class='ocrx_word' id='word_1_209' title='bbox 310 2299 587 2335; x_wconf 88' lang='lat' dir='ltr'>extremum</span> <span class='ocrx_word' id='word_1_210' title='bbox 627 2285 1049 2336; x_wconf 74' lang='lat' dir='ltr'>omisisse-Rivus</span> <span class='ocrx_word' id='word_1_211' title='bbox 1086 2283 1301 2334; x_wconf 83' lang='lat' dir='ltr'>occurrit</span> <span class='ocrx_word' id='word_1_212' title='bbox 1337 2282 1508 2349; x_wconf 82' lang='lat' dir='ltr'>ingens</span> <span class='ocrx_word' id='word_1_213' title='bbox 1542 2280 1700 2331; x_wconf 84' lang='lat' dir='ltr'>incer-</span> 
     </span>
     <span class='ocr_line' id='line_1_33' title="bbox 307 2350 1698 2418; baseline -0.002 -17"><span class='ocrx_word' id='word_1_214' title='bbox 307 2350 351 2401; x_wconf 79' lang='lat' dir='ltr'>ti</span> <span class='ocrx_word' id='word_1_215' title='bbox 385 2352 532 2418; x_wconf 80' lang='lat' dir='ltr'>vadi3</span> <span class='ocrx_word' id='word_1_216' title='bbox 569 2353 633 2404; x_wconf 78' lang='lat' dir='ltr'>ad</span> <span class='ocrx_word' id='word_1_217' title='bbox 668 2369 783 2404; x_wconf 84' lang='lat' dir='ltr'>eum</span> <span class='ocrx_word' id='word_1_218' title='bbox 819 2352 1114 2404; x_wconf 83' lang='lat' dir='ltr'>tentandum</span> <span class='ocrx_word' id='word_1_219' title='bbox 1150 2351 1233 2400; x_wconf 66' lang='lat' dir='ltr'>sua</span> <span class='ocrx_word' id='word_1_220' title='bbox 1270 2350 1412 2401; x_wconf 79' lang='lat' dir='ltr'>istum</span> <span class='ocrx_word' id='word_1_221' title='bbox 1443 2350 1698 2400; x_wconf 77' lang='lat' dir='ltr'>temerita-</span> 
     </span>
    </p>

    <p class='ocr_par' dir='ltr' id='par_1_4' title="bbox 1577 2426 1631 2465">
     <span class='ocr_line' id='line_1_34' title="bbox 1577 2426 1631 2465; baseline -0.037 0"><span class='ocrx_word' id='word_1_222' title='bbox 1577 2426 1631 2465; x_wconf 60' lang='lat' dir='ltr'>r&amp;</span> 
     </span>
    </p>
   </div>
  </div>
 </body>
</html>
