1781 2889
383 236 477 286 174
613 219 664 266 s.
699 213 1073 264 FRANcism
1111 213 1409 262 XAVERII

314 316 510 367 centis:
565 314 796 378 equidem
835 313 972 360 anuis
1010 312 1207 380 singulis
1244 330 1353 362 cum
1390 313 1546 364 isthuc
1581 319 1695 369 scri.

316 383 527 440 bebam,
567 397 638 429 res
668 379 842 428 Divini
879 379 952 427 tui
988 379 1210 444 obsequii
1245 382 1690 435 commendabam.

316 452 617 512 Reponetur
653 448 783 494 enim
823 444 1099 493 continuo:
1160 448 1311 511 Atqui
1349 464 1434 496 eos
1470 452 1552 512 qui
1588 464 1692 502 tam

310 521 486 563 sancta
539 514 629 560 ista
668 511 905 559 mandata
959 526 1133 573 susque
1187 511 1347 576 deque
1402 515 1686 580 habebant,

311 584 511 643 impune
561 578 609 625 id
659 575 823 626 facere
876 576 1101 635 sinebas‘‚
1154 592 1264 624 cum
1318 578 1513 629 interim
1567 601 1698 650 quos·

313 660 625 706 compereras
664 645 712 690 in
773 658 933 691 rerum
971 655 1164 691 tuarum
1202 647 1555 704 procuratione
1605 667 1692 714 pa..

309 717 414 763 nim
438 713 559 760 fiilos
597 724 685 758 aut
719 723 977 768 screnum,
1015 708 1191 756 debitis
1207 710 1368 771 poenis
1403 713 1690 774 subjiceres.

382 798 427 846 7.
465 781 555 827 Per
590 778 697 842 Ego
736 778 838 836 Te,
883 777 1134 833 Domine,
1171 790 1268 838 quo
1307 777 1480 844 flagras
1517 781 1684 833 zelum

309 845 494 896 Gloriae
538 842 759 902 Divinae,
811 858 993 905 perque
1031 856 1197 889 curam
1235 858 1379 905 quam
1419 846 1564 896 habes
1602 865 1690 898 an-

305 912 633 977 tiquissimam
682 909 1102 971 expedienda-rum
1139 910 1268 969 apud
1319 912 1484 959 Deum
1534 915 1688 964 ratio-

307 995 422 1028 niun
481 975 631 1026 officii
668 976 883 1039 proprii,
933 991 991 1024 ac
1046 973 1366 1025 conscientiae
1419 979 1692 1030 deoneran-

308 1046 413 1104 dae,
453 1048 679 1093 obtestor
718 1056 868 1107 atque
906 1041 1078 1100 adjuro
1135 1038 1456 1098 Maiestatem
1494 1047 1690 1097 Tuam:

310 1113 468 1161 Mitte
505 1112 597 1159 huc
649 1109 887 1156 idoneum
924 1124 1036 1157 cum
1091 1109 1364 1159 autoritate
1419 1112 1693 1164 necessari&

309 1179 626 1235 Ministrum,
687 1173 825 1230 cuius
862 1191 957 1223 una
1005 1189 1120 1222 cura
1154 1175 1251 1235 sit,
1305 1177 1584 1241 prospicere
1619 1195 1693 1228 sa-

301 1244 398 1292 luti
447 1241 872 1290 innumerabilium
910 1241 1183 1290 animarum
1221 1258 1327 1305 quoe
1365 1240 1447 1292 hic
1496 1245 1692 1308 pericli-

305 1323 513 1359 tantur:
572 1309 752 1372 quique
791 1308 839 1355 in
879 1308 943 1358 ei
972 1306 1323 1372 procuratione
1379 1323 1690 1372 potestatem
1749 1354 1754 1359 .

306 1378 336 1427 a
376 1378 445 1424 Te
485 1376 668 1424 habt-at
705 1374 911 1424 liberam
949 1375 1011 1422 ab
1049 1373 1256 1436 imperio
1295 1375 1353 1426 ὅ(
1406 1377 1595 1427 ditione
1631 1377 1689 1425 il-

305 1443 466 1492 lorum
517 1458 636 1508 quos
693 1440 1017 1506 vectigalibus
1053 1441 1110 1492 &
1160 1441 1297 1505 regni
1352 1441 1423 1491 tui
1476 1442 1690 1510 negotiis

302 1509 500 1574 proprie
557 1523 734 1555 vacare
772 1505 942 1564 iubes:
1000 1519 1054 1554 ut
1091 1506 1159 1555 sic
1214 1508 1263 1554 in
1317 1521 1570 1569 posterum
1618 1510 1691 1558 in-

306 1574 574 1624 commoda
614 1574 669 1625 &
705 1573 938 1622 scandala
976 1573 1228 1632 vitentur,
1267 1575 1439 1636 quibus
1477 1578 1695 1626 antehac

303 1642 472 1691 multis
513 1641 568 1692 &
604 1640 834 1706 gravibus
873 1656 945 1688 res
983 1636 1064 1687 hic
1096 1640 1375 1689 Christiana
1412 1641 1692 1692 laboravit.

376 1710 423 1758 8.
459 1709 603 1756 Ineat
643 1703 883 1763 Maiestas
908 1707 1014 1754 Tua
1052 1719 1282 1755 exactam
1321 1709 1596 1769 rationem,
1634 1710 1695 1762 δι’

307 1773 510 1839 plenam
560 1785 725 1822 secum
781 1787 1025 1822 summam
1076 1771 1283 1840 colligat
1335 1773 1584 1825 fructuum
1636 1774 1695 1828 ὅτ

301 1838 658 1904 temporalium
699 1838 945 1887 bonorum
984 1854 1087 1902 quae
1112 1841 1210 1888 Dei
1248 1840 1475 1890 benefico
1513 1858 1572 1891 ex
1610 1842 1689 1890 In-

294 1905 392 1955 diis
429 1906 669 1970 percipis.
707 1906 887 1955 Deluc
923 1906 1036 1953 inde
1072 1907 1202 1970 quod
1239 1904 1319 1956 hic
1373 1908 1423 1956 in
1463 1908 1564 1958 Dei
1600 1906 1689 1955 ob-

300 1973 526 2038 sequium
567 1974 623 2024 &
660 1987 858 2022 causam
894 1971 1169 2037 Religionis
1207 1974 1442 2037 expendis
1465 2011 1476 2023 .
1513 1972 1697 2038 Sicque

299 2040 493 2089 cunctis
532 2037 796 2100 prudenter
833 2038 1119 2099 aestimatis,
1173 2038 1303 2089 inter
1356 2054 1462 2090 tuas
1499 2040 1690 2106 regias,

301 2108 361 2159 &
406 2105 497 2155 Dei
539 2121 597 2152 ac
656 2105 873 2155 coelectis
912 2104 1070 2170 Regni
1123 2106 1343 2155 rationes
1379 2122 1485 2154 eam
1537 2105 1689 2170 parti-

295 2175 491 2222 tionem
528 2171 769 2232 institue‚
807 2187 955 2238 quam
990 2183 1156 2236 gratus
1197 2173 1254 2224 &
1290 2171 1542 2238 religiosus
1578 2184 1691 2224 tuus

300 2239 492 2290 an³mus
541 2254 730 2302 aequam
786 2236 893 2287 fore
942 2238 1224 2302 bonamque
1281 2236 1548 2295 judicabit:
1601 2253 1688 2286 ca-

299 2322 446 2364 vens,
501 2319 563 2352 nc
613 2307 825 2354 Creator
862 2321 1019 2353 rerum
1074 2304 1290 2352 omnium
1348 2317 1487 2364 parte
1547 2304 1689 2355 nimis

297 2370 480 2443 exigua
514 2369 718 2442 largiter
757 2370 1021 2423 effusorum
1058 2370 1108 2418 in
1145 2383 1282 2419 tuum
1318 2369 1476 2420 sinum
1526 2370 1689 2420 bono-

1519 2454 1623 2488 xum
