1781 2889
363 204 460 256 180
597 202 647 250 S.
683 199 1060 249 FRANCISCI
1093 199 1391 250 XAVERII

304 316 402 368 que
438 299 572 350 enim
609 300 786 348 desunt
821 299 1079 364 regioneS‚
1133 297 1215 351 ubi
1252 298 1355 348 sine
1391 297 1567 361 capitis
1602 314 1685 364 pe.

306 367 463 419 riculo
499 381 704 430 operam
743 366 862 412 dent
899 365 969 413 rei
1003 366 1319 415 Christianae.
1357 368 1430 413 Ac
1466 381 1686 416 memen-

306 448 397 496 to,
436 434 497 482 ad
536 431 789 481 venandos
828 430 979 479 hosce
1029 431 1266 481 Ethnicos
1305 432 1685 497 haudquaquam

308 515 427 565 opus
482 513 584 546 esse
633 496 796 545 multis
852 495 1065 545 litteris,
1119 497 1362 547 Nimirum
1417 499 1690 548 istiusmodi

305 556 614 623 hominibus,
650 561 733 611 ubi
769 559 962 633 aliquot
997 578 1154 610 annos
1200 577 1343 612 erunt
1377 564 1424 612 in
1464 565 1532 613 his
1568 564 1690 614 locis

307 630 524 687 versati,
561 629 677 677 satis
701 628 873 676 virium
911 642 1063 693 atque
1101 627 1377 678 animorum
1402 631 1463 678 ad
1499 629 1688 702 majora

308 713 461 761 opera
497 697 709 744 addetur
745 694 1007 743 divinitus.
1060 698 1220 758 Aptos
1255 712 1452 760 quoque
1488 695 1685 746 confes-

300 780 341 814 s
332 763 522 811 onibus
559 760 888 834 excipiendis,
926 760 1276 824 tradendisque
1314 762 1562 812 exercitiis
1597 763 1691 826 spi-

307 828 596 888 ritualibus,
650 842 743 876 etsi
781 826 952 887 majori
989 828 1143 877 labori
1182 829 1390 877 ferendo
1428 844 1526 877 non
1564 829 1690 889 sint,

307 896 474 946 mittas
514 894 718 944 licebit:
783 893 828 942 hi
865 894 994 943 enim
1043 908 1129 943 aut
1164 898 1318 953 Goae,
1369 907 1454 944 aut
1507 895 1689 944 Cocini

304 962 635 1021 habitabunt3
674 958 847 1025 quibus
885 960 935 1008 in
972 959 1259 1011 civitatibus
1293 962 1347 1013 δι
1387 965 1685 1026 magnopere

305 1028 475 1102 iuvare
514 1038 751 1099 poterunt
785 1042 886 1075 rem
927 1027 1292 1086 Christianam,
1352 1028 1407 1078 &
1443 1028 1531 1090 ipsi
1583 1042 1691 1076 om-

305 1096 441 1144 nium
479 1111 663 1153 rerum,
700 1106 818 1142 item
836 1096 891 1143 ut
927 1094 974 1141 in
996 1094 1277 1153 Lusitania,
1318 1094 1572 1142 habebunt
1606 1110 1692 1142 co—

302 1162 467 1226 piam:
509 1160 732 1219 etenim,
770 1173 825 1208 ut
859 1159 951 1209 illae
990 1160 1130 1209 urbes
1168 1161 1513 1211 Lusitanorum
1548 1158 1691 1208 fami-

302 1229 377 1277 liis
432 1226 845 1299 frequentantur,
896 1225 1260 1277 imbecillitatis
1306 1227 1691 1290 morborumque

304 1294 516 1344 subsidia
552 1306 724 1365 utique
774 1308 874 1340 non
911 1293 1151 1342 deerunt:
1205 1306 1281 1342 est
1316 1309 1448 1341 enim
1500 1292 1688 1341 utrobi·

302 1376 398 1426 que
436 1361 492 1412 &
551 1359 863 1409 Medicorum
900 1359 957 1410 &
1010 1375 1107 1408 me
1107 1360 1487 1409 {icamentorum
1541 1361 1657 1408 satis
1682 1396 1693 1407 .

303 1431 374 1478 At
412 1425 592 1475 ceteris
628 1425 674 1473 in
713 1425 858 1485 locis,
896 1442 1001 1489 quae
1036 1426 1257 1476 Lusitani
1296 1441 1396 1472 non
1434 1425 1687 1486 incolunt,

300 1491 576 1551 cuiusmodi
610 1504 722 1540 sunt
757 1507 848 1551 ea,
887 1507 991 1555 quae
1031 1508 1118 1540 nos
1155 1492 1201 1540 in
1238 1492 1495 1555 praesentia
1532 1507 1677 1554 pera-

302 1576 454 1628 σιἰιῑι
449 1577 530 1618 15,
582 1559 928 1624 aegrotantium
980 1558 1165 1606 auxilia
1202 1570 1470 1620 suppetunt
1523 1557 1695 1608 nulla.

300 1607 361 1676 iu
400 1640 607 1690 utraque
645 1639 813 1672 earum
850 1622 1142 1681 civitatum
1195 1639 1312 1688 quas
1351 1624 1504 1672 modo
1541 1623 1679 1684 dixi,

303 1691 494 1741 civibus
531 1690 883 1739 exercitiorum
920 1658 1243 1761 spiritualium
1282 1705 1367 1738 usu
1406 1689 1691 1740 excolendis

302 1758 538 1822 praeclare
576 1772 729 1820 opera
766 1771 938 1804 navari
973 1770 1176 1819 potest.

372 1841 414 1892 3.
452 1825 528 1874 Ab
565 1823 677 1872 hinc
731 1822 1052 1888 quadriennio
1090 1822 1322 1873 εοΙιῐιηιιε
1375 1840 1433 1872 ex
1490 1821 1678 1873 Lusita·

302 1889 422 1949 nia,
459 1906 520 1940 ex
558 1905 660 1954 quo
698 1902 924 1953 tempore
944 1906 1091 1939 unam
1129 1890 1337 1940 omnino
1374 1891 1458 1938 abs
1496 1901 1546 1937 te
1584 1887 1686 1950 epi-

300 1956 482 2006 stolam
522 1956 582 2004 ab
636 1956 786 2016 urbe,
837 1958 865 2004 a
902 1957 1045 2005 Patre
1095 1957 1298 2006 Simone
1351 1959 1378 2006 ὲ
1437 1953 1688 2005 Lusitania

299 2024 420 2072 duas
459 2022 662 2083 accepi.
702 2023 864 2071 Valde
901 2039 1029 2071 aveo
1068 2023 1134 2071 mi
1188 2026 1334 2072 Pater
1369 2023 1431 2071 de
1466 2034 1550 2079 te,
1605 2036 1685 2069 ce-

296 2090 518 2155 ter‘15qr1e
571 2088 728 2138 Sociis
761 2089 1048 2163 quotannis
1102 2088 1286 2163 aliquid
1342 2102 1677 2159 cognoscere.

299 2157 422 2204 Non
461 2155 638 2204 dubito
693 2155 807 2231 quin
845 2155 1042 2222 5ingulis
1079 2156 1216 2204 annis
1273 2155 1355 2204 des
1389 2151 1577 2218 aliquid
1614 2152 1678 2201 ad

298 2239 376 2272 me
414 2223 728 2279 litterarum
764 2224 890 2271 sicut
927 2239 1022 2288 ego
1045 2223 1105 2271 ad
1141 2236 1193 2271 te
1229 2221 1342 2270 dare
1378 2218 1558 2269 soleo:
1606 2218 1690 2268 sed

297 2306 502 2350 vereor,
541 2304 602 2338 ne
641 2290 859 2363 utrisque
894 2280 1304 2361 intercidentibus
1340 2284 1593 2350 epi5tolis‚
1630 2284 1690 2333 si-

294 2355 399 2408 cuti
439 2374 533 2424 ego
571 2368 712 2419 tuas,
766 2357 837 2407 ita
874 2367 927 2408 tu
967 2354 1181 2408 xicissim
1216 2350 1463 2404 desideres
1496 2367 1691 2468 I{near-

1552 2434 1619 2466 uo
