1781 2889
375 230 438 286 72
609 217 662 267 S.
698 217 1070 269 FRANCISCI
1105 214 1405 268 XAVERII

309 321 444 371 hisce
481 317 723 366 adductus
760 315 969 377 litteris,
1004 330 1094 364 suo
1130 312 1192 361 ad
1239 325 1291 362 te
1339 309 1543 373 nomine
1585 307 1709 363 scri-⁴

308 387 436 453 ptiS,
491 386 593 434 haec
648 399 754 447 quae
801 383 900 431 dixi
937 380 1184 431 beneficia
1220 394 1249 428 a
1286 377 1528 429 Pontifice
1588 381 1702 430 Ma·

312 454 449 503 ximo
485 449 859 513 impetraveris.
896 449 994 497 Sed
1046 447 1194 496 finem
1241 445 1484 495 scribendi
1530 442 1699 503 facio,

305 520 554 570 Christum
592 512 867 565 Dominum
903 514 1187 574 obtestans,
1241 527 1298 562 ut
1351 512 1430 576 qui
1487 529 1577 575 pro
1613 524 1702 563 sua

304 584 501 635 infinita
539 580 875 629 misericordia
912 594 1001 629 nos
1036 576 1299 637 coniunxit
1347 578 1398 626 in
1454 579 1570 628 vitae
1624 594 1700 630 ra-

305 653 482 710 tione,
520 659 634 711 post
670 659 882 696 mortem
918 645 1043 695 item
1075 643 1125 692 in
1161 643 1462 707 sempiterna
1482 643 1700 697 felicita·-

307 731 362 767 te
415 714 724 780 conjungat.
774 729 886 763 x11.
940 710 1148 762 Kalend.
1196 711 1466 773 OctobriS,
1519 713 1634 763 anni
1671 712 1701 763 ἃ

309 784 511 833 Christo
549 794 671 829 nato
713 779 994 829 MDXLII.
1029 779 1174 828 Goa.

445 851 576 899 Tuus
614 846 665 894 in
703 846 905 896 Christo
940 843 1070 897 filius
1148 897 1158 907 ,

987 983 1260 1030 franciscus
1297 980 1542 1030 Xaverius
1557 1016 1570 1030 .

546 1113 1107 1165 EPISTOLA
1177 1110 1439 1162 XIII.

906 1245 1114 1296 Eidem.

314 1382 394 1431 De
431 1381 773 1447 Indulgentiis,
796 1379 853 1429 de
873 1380 1196 1444 Confirmandi
1231 1392 1455 1444 potestate
1497 1379 1706 1441 Proepis·

378 1453 496 1514 copis
530 1449 827 1519 deleganda,
850 1449 905 1497 de
929 1447 1313 1517 Qadragesima
1342 1443 1702 1510 transferenda,

381 1519 433 1565 ώ-
466 1515 523 1564 de
561 1516 919 1564 Conimbricensi
958 1519 1202 1566 societatis
1240 1515 1475 1578 CollegiO.

414 1651 591 1696 Gratia
642 1651 693 1699 (ἓν
731 1648 959 1698 Charitas·
1006 1651 1199 1697 Domini
1249 1651 1392 1697 nostri
1430 1645 1600 1714 JESU

376 1736 379 1740 ’
834 1716 1046 1776 Christi,
1082 1718 1174 1765 &c-

318 1867 361 1904 1.
472 1859 621 1898 raetor
669 1847 847 1910 Indiae,
897 1847 978 1898 cui
1015 1864 1104 1898 nos
1141 1863 1345 1909 omnes,
1383 1844 1464 1913 qui
1515 1844 1594 1893 hle
1629 1855 1704 1890 su-

503 1930 639 1976 mm,
678 1916 858 1980 quique
894 1917 1072 1966 Romae
1110 1927 1399 1975 versantur,
1436 1926 1540 1961 turn
1589 1923 1703 1972 pro·

312 1997 424 2049 pter
459 1997 699 2032 summum
738 1984 841 2043 ejus
893 1983 1108 2030 studium
1169 1980 1328 2030 cultus
1382 1977 1562 2036 divini,
1600 1987 1705 2024 tum

312 2063 518 2116 propter
553 2049 805 2115 egregiam
843 2064 959 2114 erga
996 2063 1219 2099 nostrum
1258 2047 1496 2098 Ordinem
1530 2041 1704 2091 volun-

311 2131 475 2168 tatem
510 2116 746 2164 debemus
783 2116 1074 2182 plurimnm,
1124 2114 1325 2182 rogavit
1381 2127 1488 2174 me,
1538 2120 1593 2158 ut
1642 2107 1704 2180 ἀς

315 2184 606 2251 qmbusdam
642 2183 817 2234 horum
853 2182 1079 2232 locorum
1115 2181 1442 2246 spiritualibus
1495 2189 1707 2226 necem-

314 2251 502 2301 tatibus
538 2248 755 2299 facerem
795 2265 848 2302 te
886 2266 973 2313 per
1024 2250 1219 2299 litteras
1271 2247 1572 2297 certiorem.
1606 2245 1707 2292 Ita-

314 2334 409 2383 que
447 2320 558 2367 ctim
595 2317 653 2368 Sc
691 2316 793 2381 ipse
830 2320 1096 2380 tantopere
1133 2316 1194 2364 ad
1230 2314 1332 2377 pias
1370 2329 1442 2362 res
1479 2312 1544 2360 sit
1596 2325 1707 2374 pro—

313 2400 519 2448 pensuS,
559 2384 614 2436 &
652 2381 752 2443 ejus
789 2383 1042 2447 postulata
1077 2379 1254 2445 pietati
1278 2381 1550 2445 virtutique
1586 2389 1706 2425 con-

1541 2460 1649 2512 gru-
