1781 2889
216 170 747 222 EPISTULARUM.
784 169 888 217 Lib.
924 174 992 220 II.
1029 172 1116 233 Ep.
1156 172 1223 217 ΙΙ.
1313 183 1406 234 179

98 286 203 324 tum
240 283 439 335 propter
500 268 739 318 maximos
776 267 997 328 calorCS,
1045 280 1151 316 tum
1188 267 1307 314 vero
1360 278 1470 326 pro-

103 353 213 403 pter
249 336 512 385 salubrium
547 350 780 400 aquarum
817 334 1065 396 inopiam,
1101 330 1472 379 alimentorum·

103 419 199 469 que
233 401 532 451 tenuitatem
556 437 568 449 .
624 400 878 449 Alimenta
930 400 1108 463 quippe
1143 409 1256 445 sunt
1301 396 1469 455 oriza,

107 467 279 532 piscis,
334 468 389 518 &
423 467 532 525 lac,
580 469 814 528 praeterea
867 464 1013 523 nihil,
1067 478 1168 511 non
1205 462 1340 525 panis
1394 462 1473 510 hic

102 546 212 594 est,
280 548 382 583 non
434 532 636 589 vinum,
705 547 806 580 non
856 544 1058 588 cetera,
1109 528 1279 594 quibus
1329 526 1474 575 isthic

101 598 396 646 abundatis.
448 597 806 647 Adolescentes
862 597 1007 662 igitur
1043 611 1101 643 ae
1136 610 1315 651 sanos,
1371 606 1476 642 non

99 663 373 712 imbecillos
443 678 502 711 ac
557 661 752 711 vetulos
806 662 1056 721 desidero,
1123 673 1177 708 ut
1229 658 1472 708 assiduum

99 728 426 792 baptizandi,
484 728 728 788 docendi,
785 726 1193 777 circumcursandi
1247 724 1471 772 laborem

96 793 391 858 perferant3
441 798 549 843 cum
589 793 855 855 praesertim
901 797 1024 856 saepe
1063 808 1163 840 non
1202 791 1350 839 modo
1399 804 1472 837 re-

51 894 58 901 ·
95 874 269 910 centes
308 859 552 922 baptizari
588 858 831 920 infanreS‚
869 860 949 907 sed
984 857 1131 907 etiarn
1166 856 1474 906 ‚Christianos

98 926 162 975 ab
199 925 522 975 Ethnieorum
555 922 723 974 furore
757 940 814 973 ac
851 924 986 973 rabie
1043 921 1285 984 prohiberi
1321 935 1471 982 opor-

97 1004 243 1040 teat.
281 993 653 1053 Nonnunquam
693 990 844 1039 etiam
898 989 1123 1055 singulari
1164 989 1285 1037 DEI
1324 986 1470 1034 bene-

100 1058 215 1107 ficio
253 1053 467 1114 eiusdem
506 1057 652 1104 causa
704 1055 877 1118 capitis
913 1055 1172 1103 discrimen
1221 1065 1295 1101 est
1331 1050 1470 1099 sube-

97 1124 310 1180 undum,
349 1123 478 1185 quod
514 1121 651 1169 salva
685 1121 928 1170 charitate
955 1120 1102 1168 vitari
1139 1134 1240 1166 non
1275 1128 1469 1180 potesta

99 1190 197 1237 Sed
231 1186 506 1236 meminisse
552 1186 767 1245 debent,
825 1202 912 1234 nos
948 1199 1091 1233 natos
1129 1198 1231 1232 esse
1287 1194 1472 1230 morta-

96 1252 198 1303 les:
255 1252 375 1300 nibil
428 1264 595 1300 autem
651 1250 911 1313 optabilius
961 1249 1274 1307 Christiano,
1324 1251 1472 1311 quam

97 1332 308 1369 mortem
346 1331 583 1381 oppetere
602 1333 690 1379 pro
714 1316 911 1365 Christo
929 1353 940 1364 .
961 1315 1299 1381 Qamobrem
1326 1329 1472 1376 opor-

100 1398 179 1434 tet
217 1383 411 1434 eosdem
448 1383 597 1431 animi
636 1383 814 1431 robore
864 1399 921 1430 ac
957 1383 1121 1429 divina
1157 1379 1341 1430 virtute
1394 1393 1474 1426 se·

98 1463 213 1515 ptos
250 1465 379 1498 esse.
415 1454 478 1500 Et
515 1449 749 1514 quoniam
787 1464 881 1514 ego
918 1446 1156 1507 ejusmodi
1186 1444 1375 1495 roboris
1412 1457 1471 1491 ae

99 1515 298 1565 virtutis
334 1531 505 1576 expers
542 1515 589 1562 in
628 1531 686 1563 ea
731 1513 844 1562 loca
897 1513 1214 1576 proficiscor,
1250 1509 1333 1558 ubi
1389 1507 1469 1555 vel

100 1580 312 1630 maxime
349 1581 597 1646 indigeam
633 1579 822 1628 coelesti
862 1596 989 1646 ope,
1027 1591 1077 1626 te
1114 1593 1202 1640 per
1236 1574 1470 1631 DEUM,

100 1646 408 1709 eiusdemque
458 1646 642 1695 cultum
691 1645 948 1704 obtestor,
1001 1644 1140 1692 utin
1177 1641 1271 1690 tuis
1325 1637 1474 1686 sacri-

100 1712 220 1760 ficiis
286 1711 382 1760 mei
438 1710 732 1760 nominatim
789 1710 886 1772 ipse
941 1706 1242 1766 recorderis,
1298 1706 1473 1766 me‘que

98 1777 298 1837 insuper
333 1774 569 1826 universae
599 1775 861 1825 Societatis
900 1775 1118 1835 precibus
1156 1770 1473 1821 muniendum

98 1843 271 1892 sedulo
307 1858 442 1890 cures
466 1879 478 1889 .
515 1842 593 1892 Sic
629 1842 759 1890 enirn
799 1840 913 1888 mihi
949 1839 1251 1903 persuadeo,
1288 1837 1374 1886 tua
1413 1850 1472 1882 ac

101 1908 366 1958 Societatis
404 1907 757 1971 deprecatione
806 1907 968 1954 multis
1006 1904 1295 1969 magnisque
1347 1898 1472 1964 peri-

100 1974 220 2024 culis
258 1988 358 2022 esse
396 1989 473 2021 me
509 1973 737 2022 divinitus
774 1984 994 2034 ereptum
1017 2010 1027 2019 .
1068 1975 1188 2021 Haec
1225 1973 1288 2017 eo
1324 1967 1385 2015 ad
1420 1977 1472 2014 te

97 2039 286 2099 scribo,
324 2051 378 2086 ut
413 2038 686 2104 intelligas,
738 2035 1005 2097 cujusmodi
1061 2036 1172 2085 viris
1211 2049 1330 2096 opus
1379 2030 1473 2079 sit.

102 2106 460 2154 Verumtamen
497 2104 533 2152 si
571 2120 690 2168 quos
719 2103 923 2163 videris,
961 2101 1141 2151 viribus
1177 2099 1372 2164 quidem
1410 2096 1475 2143 ad

101 2185 189 2229 ea,
226 2187 331 2235 quae
371 2170 493 2229 dixi,
532 2169 848 2217 incommoda
881 2168 1164 2217 sustinenda
1200 2164 1315 2213 satis
1353 2177 1472 2224 prae-

105 2235 266 2294 ditos,
303 2239 523 2284 ceterum
561 2236 620 2283 ad
644 2235 756 2284 vitae
794 2234 1010 2296 pericula
1046 2230 1266 2282 adeunda
1304 2242 1476 2292 parum

102 2299 285 2350 alacres
320 2317 379 2351 ac
413 2313 646 2367 paratOS,
704 2299 874 2350 mittas
923 2312 1094 2350 tamen
1131 2294 1313 2349 velim.
1368 2292 1472 2342 Ne·

769 2366 826 2415 M
863 2381 895 2417 2.
1311 2372 1405 2424 que
