1781 2889
286 139 785 200 ErisrorARUM.
819 141 924 194 Lib.
957 144 998 195 ι,
1031 142 1119 208 Ep.
1150 145 1247 196 m,
1321 159 1384 215 ις

79 239 153 295 los
197 242 404 307 populos
438 238 488 289 in
524 238 772 288 credendo
808 236 977 299 nobis,
1021 235 1104 288 ubi
1147 233 1291 302 plane
1340 253 1445 302 pere

78 308 353 371 spexerint,
390 303 508 355 nihil
542 304 679 356 aliud
714 317 803 354 nos
838 318 1051 371 quaerere
1073 317 1217 372 quam
1238 301 1451 354 salutem

78 373 372 425 animarum.
406 373 527 421 Haec
562 369 700 420 nobis
735 372 766 419 a
801 368 911 420 viris
962 368 1140 421 talibus
1194 368 1276 442 qui
1311 367 1362 415 in
1396 383 1451 418 re

77 436 301 501 praesenti
337 435 519 488 versati
552 436 677 496 sint,
715 436 772 491 &
808 434 1002 496 multi5‚
1036 447 1090 486 ut
1126 433 1256 493 dixi,
1308 432 1449 483 annis

76 504 127 555 in
164 501 309 552 Indiis
345 499 553 560 fuerint,
589 513 895 562 asseverata,
932 500 1187 568 ingentem
1221 498 1449 551 fiduciam

75 569 365 634 ingenerant
400 565 586 620 fructus
607 566 831 619 uberrimi
866 566 930 616 ad
964 566 1062 618 Dei
1101 563 1309 618 Domini
1337 565 1447 615 Noe

73 634 163 688 vstri
203 632 494 698 obsequium
527 632 640 685 inde
674 632 972 699 colligendi.
1037 688 1041 690 ,

65 754 68 755 ⁷
140 700 186 751 8.
223 698 434 751 Multam
470 692 550 749 hic
582 698 887 769 diligentiam
904 696 1126 764 ponimus
1161 696 1210 747 in
1247 693 1450 761 conqui-

73 764 235 819 rendis
271 764 642 824 Sacerdotibus,
679 765 762 829 qui
796 763 905 814 solo
940 761 1196 828 proposito
1217 763 1307 812 sibi
1331 777 1450 824 prae·

79 830 181 881 mio
216 829 368 881 divini
404 830 627 898 obsequii
662 831 719 885 &
752 829 920 881 salutis
957 828 1259 887 animarum,
1297 827 1365 876 ire
1401 825 1450 876 in

70 896 242 948 blndias
278 895 530 947 nobiscum
565 895 751 945 velint:
791 911 883 944 nec
918 895 968 943 in
1002 892 1103 944 ulla
1138 909 1188 942 re
1224 892 1324 942 alia
1348 906 1450 941 ma-

62 960 148 1028 ‚gis
185 961 281 1011 hoc
314 973 537 1024 ternpore
574 960 711 1012 nobis
742 962 960 1011 videmur
982 956 1215 1010 inservire
1248 974 1306 1007 ac
1340 972 1450 1023 gra-

77 1025 257 1077 tificari
295 1026 518 1078 Domino
555 1028 744 1077 Nostro
779 1041 948 1089 posse,
997 1025 1142 1089 quam
1193 1021 1241 1070 in
1293 1022 1450 1072 Sociis

75 1089 314 1148 eiusmodi
349 1091 486 1140 nobis
520 1089 864 1157 adiungendiS.
901 1091 1031 1138 Nam
1065 1087 1103 1136 si
1150 1087 1452 1151 manipulum

77 1155 159 1208 vel
192 1155 453 1208 duodecim
486 1153 642 1206 solum
678 1155 849 1207 talium
888 1153 1209 1205 Sacerdotum
1243 1167 1456 1219 congre-

74 1235 192 1288 gare
228 1236 499 1283 possemus,
536 1220 616 1284 qui
653 1219 701 1271 in
737 1219 931 1271 consilii
966 1218 1100 1271 istius
1134 1234 1193 1271 ac
1211 1216 1452 1281 propositi

72 1285 366 1339 societatem
400 1285 698 1339 unanimiter
742 1284 1019 1349 conspirare
1056 1284 1310 1336 nobiscum
1347 1280 1448 1331 vel-

76 1352 211 1411 lent,
247 1351 368 1404 citra
416 1368 614 1405 omnem
663 1352 1029 1402 dubitationem
1066 1362 1170 1412 est,
1207 1365 1295 1399 nos
1348 1363 1451 1397 ma-

75 1433 240 1489 gnum⁶
263 1417 635 1483 operaepretium
670 1418 919 1471 facturos:
957 1415 1151 1480 jamque
1172 1412 1322 1488 aliqui
1349 1411 1451 1472 eius

75 1498 266 1550 generis
300 1479 381 1537 hic
416 1500 465 1534 se
501 1483 640 1536 nobis
674 1484 922 1536 offerunt.
958 1482 1220 1532 Incidimus
1267 1496 1315 1530 m
1365 1480 1450 1528 Sa-

78 1548 335 1601 cerdotem
369 1549 509 1599 nobis
544 1549 662 1600 alias
698 1550 907 1602 Lutetiae
927 1548 1215 1599 Parisiorum
1253 1556 1450 1603 notum,

79 1613 164 1678 qui
198 1612 418 1677 promisit
468 1627 729 1668 venturum
781 1631 833 1667 se
877 1614 1160 1673 nobiscum,
1196 1612 1253 1663 &
1302 1625 1454 1674 usque

79 1679 143 1728 ad
207 1691 416 1732 mortem
467 1680 516 1729 in
566 1680 679 1733 vitae
727 1697 786 1730 ac
828 1679 1146 1729 consiliorum
1197 1674 1455 1727 Societate

79 1744 426 1807 perstiturum.
461 1745 604 1795 Illum
637 1746 870 1795 credimus
907 1743 1023 1794 satis
1077 1755 1263 1795 certum
1316 1739 1455 1791 nobis

80 1809 220 1863 fore:
259 1810 394 1860 dedit
430 1811 560 1860 enim
595 1824 883 1878 argumenta
919 1810 976 1861 (ἐξ
1012 1808 1218 1877 pignora
1269 1805 1454 1858 idonea

78 1875 352 1927 constantis
387 1875 686 1926 voluntatiS.
721 1879 808 1927 Est
840 1877 897 1932 &
931 1873 1051 1923 alius
1103 1871 1455 1932 subdiaconus,

81 1941 218 1991 brevi
255 1941 493 1990 Sacerdos
529 1939 746 2003 futuruS,
784 1941 865 2008 qui
899 1955 951 1990 se
986 1940 1050 1991 ad
1085 1940 1288 2004 idipsum
1305 1936 1455 1987 offert

82 2005 262 2073 magna
296 2006 596 2056 devotione.
630 2010 869 2060 Praeterea
905 2009 1106 2060 Doctor
1124 2005 1321 2071 quidam
1343 2005 1452 2051 Me·

83 2072 215 2123 dicus
252 2069 557 2122 familiariter
591 2072 844 2123 nobiscum
893 2072 1012 2122 olim
1062 2069 1247 2121 Parisiis
1293 2083 1453 2118 versa-

83 2149 192 2199 ως,
228 2137 448 2202 promisit
495 2153 545 2188 se
599 2138 942 2205 navigaturum
979 2136 1232 2186 nobiscum
1279 2134 1328 2183 in
1374 2133 1457 2182 In·

85 2202 219 2264 dias,
256 2203 416 2268 ibique
451 2201 693 2258 facultate
727 2204 812 2254 sua
847 2202 1072 2252 medendi
1107 2215 1308 2252 eatenus
1346 2212 1454 2248 tan·

84 2278 189 2320 tum
223 2285 446 2332 usurum,
480 2283 719 2337 quatenus
742 2269 804 2388 {d
840 2269 1088 2322 conducet
1107 2264 1453 2389 adjug‘andgs,

814 2352 844 2391 z
1327 2346 1355 2380 a
