1781 2889
227 194 746 247 EPISTOLARUM.
783 192 886 242 Lib.
923 197 963 242 Ι.
996 195 1082 258 Ep.
1121 193 1253 242 XIV.
1323 194 1382 259 ὃς

86 292 197 341 bam
233 305 333 341 tam
367 289 502 351 justis
553 288 815 353 postulatis
869 288 1065 338 deesse.
1115 288 1294 337 Verum
1344 290 1457 335 cum

86 376 160 408 res
197 373 343 420 usque-
394 360 458 405 eo
509 368 776 417 cresceret,
833 367 888 404 ut
941 370 1002 404 ne
1052 368 1172 402 unus
1230 353 1457 404 omnibus

86 421 366 474 satisfacere
402 438 619 485 possem,
656 437 748 470 nec
785 434 954 470 eorum
989 421 1350 470 controversias
1384 417 1456 467 vi-

88 504 225 548 tare,
279 503 389 536 curn
427 503 559 537 suam
596 490 798 553 quisque
846 486 1046 537 domum
1083 501 1163 534 me
1209 486 1457 535 adducere

88 567 350 605 conaretur
383 554 592 616 primu53
640 556 884 604 rationem
933 551 1020 600 inii
1054 549 1280 601 omnibus
1317 550 1459 600 obse-

87 620 292 686 quendi.
345 622 520 683 ltaque
557 621 789 685 quoniam
826 620 926 682 ipse
961 619 1027 666 ire
1065 632 1165 665 non
1202 630 1458 681 poteram,

88 699 266 752 pueros
303 685 506 734 idoneos
543 700 654 737 meo
692 683 1134 736 circummittebam
1171 682 1320 733 loco:
1376 681 1461 747 qui

88 754 149 802 ad
187 767 338 817 aegros
393 750 640 814 profecti,
696 753 992 801 domesticos
1029 764 1198 798 omnes
1234 765 1292 797 ac
1341 748 1462 797 vici—

63 834 178 884 ‘nos
213 818 596 876 convocabant,
637 832 787 883 atque
825 820 921 865 una
958 827 1068 864 curn
1107 815 1162 863 iis
1217 812 1460 878 Symbolo

89 883 272 949 pariter
307 882 548 943 recitat0‚
580 884 863 933 laborantes
900 880 1156 946 erigebant
1179 881 1238 928 ad
1273 893 1463 929 certam

89 949 496 1014 exploratamque
533 949 699 999 salutis
737 962 902 1012 spem.
956 950 1082 997 Tum
1136 944 1331 996 demum
1382 962 1462 995 so-

91 1016 276 1065 lemnes
310 1015 540 1075 Ecclesiae
577 1018 829 1064 orationes
865 1011 1293 1077 pronunciabant.
1329 1009 1468 1080 Qid

92 1082 286 1130 multa?
326 1082 503 1130 DEUS
542 1093 833 1143 puerorum,
859 1080 1246 1141 caeterorumque
1283 1077 1463 1127 fiduci&

93 1165 151 1197 ac
187 1146 373 1210 pietate
408 1146 671 1206 adductuS,
709 1146 845 1211 aegris
892 1143 1225 1207 compluribus
1260 1145 1317 1195 δε
1354 1159 1466 1191 cor-

92 1227 264 1278 porum
301 1211 650 1263 &anirnorum
687 1206 903 1260 restituit
939 1210 1205 1267 sanitatem
1228 1244 1239 1257 .
1275 1212 1339 1258 Et
1360 1207 1468 1273 qui-

93 1281 202 1328 dem
239 1277 427 1342 insigne
475 1274 720 1329 existebat
758 1275 878 1327 DEI
916 1273 967 1324 in
1013 1289 1226 1342 aegrotos
1280 1273 1466 1324 benefi-

94 1344 258 1394 cium.
313 1339 555 1409 Siquidem
591 1360 674 1407 per
708 1343 932 1391 morbum
982 1342 1136 1404 ipsum
1173 1356 1256 1390 eos
1294 1341 1355 1389 ad
1391 1355 1466 1388 sa·

95 1411 247 1460 lutem
283 1411 432 1458 animi
454 1410 694 1471 vocabat,
731 1425 789 1458 ac
825 1409 951 1473 pene
988 1406 1194 1472 pervim
1229 1407 1290 1455 ad
1324 1404 1467 1457 Chri-

99 1477 158 1536 sti
191 1476 423 1525 trahebat
459 1474 602 1525 fidem
626 1514 637 1526 .
783 1488 787 1492 ·
1455 1531 1458 1533 Α

163 1559 209 1604 7.
254 1544 464 1592 Eosdem
486 1558 579 1608 ego
600 1555 774 1606 pueros
810 1536 858 1588 in
879 1536 1079 1603 privatis
1114 1538 1286 1600 tectis,
1308 1535 1476 1592 viis&

97 1608 327 1671 compitis
366 1608 655 1657 Christianae
693 1607 929 1656 doctrinae
964 1606 1237 1655 rudimenta
1274 1605 1472 1654 tradere

101 1674 333 1735 imperitis
370 1673 505 1732 jussi.
543 1674 696 1743 Qod
729 1672 1081 1735 praescriptum,
1120 1674 1173 1720 ut
1209 1670 1324 1719 satis
1358 1686 1474 1733 pro·

100 1742 276 1790 cedere
314 1739 458 1788 video
495 1741 542 1787 in
578 1756 677 1787 uno
714 1739 883 1802 aliquo
918 1752 1084 1801 pago:
1136 1738 1185 1785 in
1219 1736 1372 1785 alium
1408 1734 1471 1793 a’d

102 1808 231 1854 idem
268 1806 672 1869 praescribendum
710 1804 1157 1867 instituendumque
1210 1803 1475 1868 demigr03

102 1887 250 1936 atque
289 1872 358 1919 ita
395 1872 622 1934 deinceps
658 1870 794 1920 vicos
848 1870 978 1918 obeo
1015 1870 1300 1919 universos,
1352 1868 1476 1934 Qi-

105 1939 189 1985 bus
225 1937 555 2000 perlustratis,
593 1952 747 1985 rursus
785 1933 957 1985 eodem
979 1936 1148 1985 ordine
1182 1951 1268 1998 per
1303 1947 1478 1984 omnes

107 2005 152 2051 in
189 2003 356 2051 orbem
393 2015 559 2051 noster
595 1998 798 2051 recurrit
831 2000 1006 2051 labor.
1044 2002 1346 2061 Discedens,
1384 2000 1481 2048 sin·

104 2068 226 2136 gulis
262 2069 309 2116 in
345 2068 461 2117 vicis
517 2068 806 2116 Christianae
845 2063 1166 2116 institutionis
1203 2065 1482 2128 exemplum

105 2135 360 2199 relinquo,
398 2135 453 2185 &
490 2134 628 2181 simul
654 2133 884 2197 praecipio
920 2132 1161 2181 scribendi
1199 2132 1390 2196 gnaris,
1426 2142 1484 2179 ut

106 2200 152 2249 id
189 2200 497 2261 describant3
535 2199 755 2259 caeteris,
784 2211 839 2248 ut
868 2199 1124 2258 ediscant,
1160 2214 1217 2245 ac
1255 2196 1483 2246 memori-

108 2279 184 2314 ter
217 2265 429 2315 recitent
467 2265 722 2330 quotidie.
760 2266 986 2329 Itemque
1023 2276 1222 2324 statut),
1260 2276 1316 2312 ut
1353 2261 1486 2313 festis

109 2331 274 2380 diebus
311 2333 479 2382 cuncti
514 2332 700 2398 pariter
734 2346 882 2379 unum
917 2331 964 2379 in
999 2330 1165 2379 locum
1215 2344 1486 2396 congrega-

743 2398 776 2446 F
812 2413 837 2464 3
1354 2409 1419 2456 ti,
