1781 2889
409 130 504 180 IN
556 128 605 176 S.
659 126 1175 176 XAVERIUM.
1374 134 1457 184 xix

141 227 227 275 dus
264 230 572 293 Epis-telarum
607 226 850 274 secundum
884 229 1113 289 praecipua
1150 228 1405 275 earumdem
1447 244 1528 275 ar-

131 309 354 358 gumenta
375 314 396 353 ,·
433 296 596 340 tertius
631 293 827 356 denique
861 309 1010 340 rerum
1039 295 1302 357 generalis.
1341 296 1403 341 Ut
1437 311 1519 340 au-

140 375 228 406 tem
264 361 557 408 eruditiorum
595 359 876 422 indulgerem
927 361 1138 421 ingenio,
1185 362 1517 421 primariarum

140 426 382 473 editionum
417 428 652 489 prologos,
690 437 731 470 et
769 423 1018 485 indiculum
1063 427 1236 486 Possini
1293 429 1518 489 Exegeti-

141 509 240 538 cuni
274 495 502 555 praemisi,
541 493 625 537 cui·
649 493 784 537 etiam
819 503 992 552 paucas
1036 490 1189 552 adjeci
1229 495 1520 551 notatiuncu-

140 555 236 613 las,
275 561 439 622 quinus
476 555 773 603 emendantur
797 556 1011 602 nonnulla
1048 569 1090 602 et
1124 559 1519 617 illustrantur,in

134 626 293 686 primis
330 623 540 687 Epistola
579 637 622 669 2.
656 624 735 669 lib.
775 637 814 668 1.
851 623 1052 667 Primum
1079 624 1253 671 Possini
1286 624 1519 688 prologum

139 692 218 751 qui
258 687 363 753 fere
401 703 519 737 totus
554 690 600 733 in
636 686 826 734 secundo
862 691 1117 735 continetur
1152 693 1353 753 consulto
1401 705 1517 752 prae-

142 758 314 801 termzsi
335 790 347 803 .
367 755 675 819 Appendicem
702 754 895 815 denique
932 753 994 804 ad
1028 756 1192 815 calcem
1224 760 1368 820 operis
1387 754 1520 816 adje-

146 822 211 877 ci,
251 837 348 867 cnm
388 825 434 867 in
472 820 723 867 &ruinalem
746 823 990 883 gratiam,
1026 832 1120 866 tum
1157 826 1292 869 etiam
1328 835 1378 884 ut
1413 821 1520 868 inde

137 887 274 950 plura
325 888 674 946 confirmentur,
729 904 826 949 ‘1⁷²‘ae
874 888 922 930 in
978 885 1125 932 eodem
1160 890 1437 940 indiculoet
1474 890 1522 935 in

145 952 430 999 chronotaxi
468 952 778 1000 discutiuntur
798 968 818 1008 ,·
873 963 966 996 tum
1015 950 1210 1016 denique
1244 973 1296 1002 ne
1330 956 1516 1002 lectores

140 1016 215 1063 hic
253 1019 504 1082 quidquam
557 1033 703 1063 eoi-um
751 1014 1040 1076 desiderent,
1078 1036 1176 1081 quoe
1212 1023 1259 1065 in
1293 1019 1525 1083 praedictis

142 1082 415 1130 editionibus
463 1081 802 1142 dilaudantur.
843 1081 1098 1143 Appendix
1132 1096 1300 1145 autem'
1336 1088 1521 1148 comple-

141 1152 283 1195 ctitur
318 1149 464 1196 decem
501 1148 808 1210 Epistolarum
847 1148 1107 1210 compendia
1127 1166 1147 1207 ;
1178 1150 1424 1198 ‘Tursellini
1447 1167 1522 1198 no-

142 1231 277 1271 vem,
314 1230 358 1263 et
395 1218 520 1263 Petri
557 1213 742 1277 Maffeji
768 1231 951 1263 ,unums
989 1215 1154 1278 quibus
1195 1219 1374 1266 accedit
1411 1213 1522 1263 Suf-

141 1275 350 1343 fragium
389 1282 435 1327 S.
456 1279 695 1328 Franeifsci
728 1277 930 1326 Xaverii
965 1297 1044 1344 pro
1078 1283 1286 1332 electione
1306 1288 1356 1333 S.
1376 1287 1521 1348 Igna-

143 1348 200 1393 tii
236 1351 282 1391 in
321 1350 612 1411 Praepositum
651 1347 916 1393 Generalem
935 1364 955 1404 ,-
1005 1349 1110 1394 item
1146 1348 1400 1414 declaratio
1434 1349 1520 1395 du-

140 1412 249 1476 plex
285 1412 483 1475 ejusdem
523 1416 643 1459 circa
681 1415 922 1459 Societatis
964 1413 1074 1477 Jesu
1128 1418 1485 1464 constitutiones
1508 1432 1526 1464 .·

146 1476 203 1524 de
240 1479 404 1541 quilius
439 1479 603 1525 ibidem
640 1479 775 1540 plura
800 1513 810 1523 .
847 1481 1063 1542 Denique
1091 1478 1299 1543 formula
1353 1494 1524 1530 contes-

145 1545 298 1591 tandae
318 1544 439 1604 fidei
475 1560 503 1592 a
538 1548 593 1592 B.
630 1546 842 1592 Xaverio
878 1544 1031 1604 edita,
1062 1561 1199 1610 quam
1232 1549 1524 1596 Orlandinus

147 1610 411 1672 suppeditat
445 1611 519 1657 lie.
562 1612 606 1658 8.
643 1627 687 1655 n.
729 1626 834 1673 141.

214 1690 284 1740 13.
322 1679 450 1744 Qin
488 1692 530 1724 et
565 1680 709 1739 ipsum
745 1678 984 1723 literarum
1033 1692 1190 1741 corpus
1251 1680 1523 1744 aliquantu-

142 1740 232 1786 lum
285 1746 495 1790 accrevit
546 1742 742 1790 duarum
792 1746 1074 1801 accessione,
1130 1758 1326 1807 quarum
1381 1761 1525 1794 unam

146 1808 401 1867 His-panici?
440 1810 641 1855 Cutillas
699 1811 747 1854 in
799 1811 939 1856 lucem
992 1813 1278 1874 protulerat,
1326 1813 1526 1860 alteram

143 1872 340 1919 nondum
376 1872 545 1920 editam
585 1878 650 1921 D.
690 1879 908 1939 Ignatius
945 1877 1162 1935 Caena,
1201 1878 1526 1942 conquirendis

150 1939 309 1986 Sacris
343 1944 635 1987 monumentis
672 1943 821 1988 Romae
858 1955 1128 2003 occupatus,
1165 1944 1330 1992 ibidem
1357 1948 1523 1994 inven-

149 2017 244 2051 tam
281 2020 417 2068 quam
453 2004 800 2068 diligentissime
839 2011 1132 2056 transmisit:
1168 2023 1410 2075 utramque
1445 2012 1527 2057 vir

150 2070 207 2116 cl.
256 2072 457 2135 Joannes
496 2071 714 2118 Andreas
762 2075 1036 2119 Novarrete
1087 2078 1237 2135 prisca
1291 2077 1530 2125 latinitate

149 2135 444 2185 adornavit.
480 2138 743 2201 Longiorem
778 2140 919 2184 aliam
954 2156 1014 2184 ex
1050 2139 1245 2202 Maffisjo
1280 2141 1312 2186 l.
1353 2158 1394 2190 1.
1422 2143 1529 2205 Epi-

147 2201 369 2249 stolarum
408 2202 465 2248 de
488 2205 722 2268 Japonicis
758 2215 889 2250 relius
923 2208 970 2249 in
1005 2204 1171 2250 librum
1207 2209 1391 2253 tertium
1446 2225 1529 2254 nu-

149 2284 268 2316 mero
303 2283 381 2317 21.
415 2272 774 2318 transtulimus:
813 2287 912 2333 quae
947 2269 1171 2319 distincta
1209 2275 1320 2322 visa
1357 2285 1423 2320 est
1468 2272 1529 2320 ab

781 2333 809 2382 b
846 2349 874 2383 2
1369 2341 1468 2387 alia
