1781 2889
220 197 729 273 EPISTOLARUM.
752 199 853 248 lib.
871 203 938 250 It,
957 202 1041 266 Ep.
1058 197 1230 252 XXII.
1295 216 1390 270 327

83 295 234 357 iores,
272 298 416 360 quam
451 310 511 366 ex
535 296 699 366 ‘culpis
734 295 783 344 in
818 313 933 362 quas
967 297 1216 358 incidunt,
1238 297 1447 362 plerum·

85 379 177 428 que
213 377 310 410 non
346 376 675 426 gramssimis,
716 378 1014 424 appareant.

172 443 244 476 11.
301 425 642 474 Sacerdotibus
696 428 1026 477 Malabaribus
1081 425 1335 488 favebitis,
1391 431 1455 483 &v

85 491 293 557 benigne
331 492 624 551 consuletis,
664 492 709 539 in
747 497 885 542 rebus
921 495 1184 557 praesertim
1221 495 1281 541 ad
1318 495 1452 546 Reli—

81 559 281 623 gionem
315 558 677 620 spectantibus,
716 557 1004 619 efficiendo,
1058 575 1114 608 ut
1169 571 1453 608 assuescant

82 625 298 685 proprias
335 624 515 670 animas
551 622 934 673 confessionibus
965 640 1193 691 purgare,
1216 638 1268 672 ut
1289 628 1451 674 Missae

80 689 378 738 Sacrificium
430 689 517 736 rite
571 704 628 736 ac
683 690 855 739 crebro
912 694 1026 739 Deo
1080 689 1338 752 offerant,
1394 704 1453 740 ut

83 757 312 817 exemplo
347 755 460 803 vitae
496 769 676 803 sanctae
715 756 1010 817 praeluceant
1063 756 1278 818 populo:
1336 772 1453 820 que-

83 820 287 869 relatum
308 823 451 883 porro
480 832 747 868 vestrarum
786 823 844 869 de
881 821 962 882 iis,-
1000 835 1085 870 aut
1115 822 1450 884 reprehensio-

81 900 229 945 num,
267 886 302 932 si
338 885 454 949 quid
503 883 830 947 offenderint,
882 902 941 936 ne
991 885 1170 945 ullum,
1209 887 1256 935 in
1292 887 1448 936 literis!

79 951 341 1014 praesertim
375 950 559 1011 scriptis
595 955 622 1000 a
659 952 798 1000 vobis
850 953 910 999 ad
961 953 1259 1017 quemlibet,
1300 952 1451 1002 vesti-

77 1016 208 1082 gium
245 1029 383 1065 extet
420 1016 549 1079 quod
588 1017 734 1080 possit
771 1018 990 1077 ostendi,-
1027 1030 1260 1066 cavetote
1285 1055 1296 1066 .

148 1099 222 1132 12.
257 1079 542 1130 Praefectum
582 1084 860 1132 Lusitanum
897 1085 1028 1131 omni
1064 1099 1248 1145 semper
1308 1083 1448 1132 obse-

79 1148 196 1212 quio
234 1163 291 1195 ac
328 1149 565 1196 comitate
602 1148 834 1197 demereri
871 1149 1201 1197 conabimini:
1243 1148 1450 1214 diligens

80 1213 355 1276 tissimeque
382 1213 618 1273 vitabitis,
656 1230 716 1262 ne
754 1229 1060 1279 quacumque
1086 1216 1283 1262 tandem
1306 1215 1452 1264 causa

79 1278 381 1328 inimicitiam
419 1293 528 1324 cum
565 1294 625 1327 eo
663 1277 964 1340 suscipiatis.
1011 1280 1116 1329 Pari
1162 1282 1278 1328 cura
1330 1295 1451 1327 con-

77 1342 293 1393 tendetis
329 1343 548 1391 omnium
585 1345 632 1391 in
670 1360 756 1392 vos
793 1346 1132 1393 Lusitanorum
1178 1345 1318 1392 isthic
1366 1346 1449 1392 de-

76 1411 295 1476 gentium
329 1408 453 1456 tueri
488 1409 735 1475 gratiam3
773 1410 960 1459 nullum
1015 1426 1182 1460 eorum
1220 1425 1450 1458 aversan-

77 1489 173 1535 teS,
210 1473 330 1522 nulli
362 1472 568 1523 vicissim
621 1475 793 1525 exosi:
838 1478 920 1525 sed
974 1476 1301 1535 humanitate,
1338 1491 1449 1538 pru-

79 1539 274 1600 dentia,
314 1538 522 1589 caritate
562 1542 675 1589 vera
712 1554 1023 1604 satagentes,
1064 1555 1117 1588 ut
1153 1541 1300 1590 etiam
1337 1555 1450 1589 cum

80 1622 250 1670 pacem
289 1603 567 1653 odientibus
602 1606 702 1653 sitis
741 1606 965 1666 pacifici3
1018 1622 1074 1654 ac
1110 1606 1147 1653 si
1184 1606 1264 1670 qui
1318 1605 1449 1654 ultro

77 1671 327 1729 resiliant,
364 1685 446 1718 eos
482 1685 648 1720 tamen
686 1670 851 1721 officio
898 1673 951 1722 &
990 1670 1339 1720 benevolentia
1376 1687 1449 1719 re·

79 1738 322 1793 tinentes,
360 1747 413 1782 ut
449 1737 526 1785 vel
564 1735 705 1784 inviti
741 1736 958 1785 sentiant
991 1737 1248 1800 sinantque
1300 1751 1348 1783 se
1398 1752 1450 1783 a-

79 1802 201 1850 mari
237 1806 264 1851 a
302 1800 462 1860 vobis,
514 1803 570 1853 &
607 1803 652 1848 in
691 1800 932 1850 dissidium
986 1817 1206 1865 apertum
1256 1813 1449 1863 protru-

81 1869 195 1916 dere
246 1867 396 1915 ullam
451 1883 562 1916 cum
616 1865 754 1915 vobis
801 1867 1103 1916 simultatem
1157 1880 1451 1929 vereantur;

82 1947 172 1982 nec
208 1937 270 1981 eo
307 1945 473 1981 tamen
510 1934 604 1982 hoc
642 1933 957 1993 pertinet‚ut
977 1931 1243 1982 connivere
1273 1932 1451 1980 debea-

81 2000 141 2047 tis
176 1999 236 2046 ad
271 1999 559 2046 vexationes
597 1997 794 2056 injustas
832 1998 1000 2062 quibus
1054 1998 1171 2046 istos
1205 1998 1450 2046 interdum

81 2063 383 2112 Christianos
420 2063 730 2125 oppriment:
786 2080 894 2111 cuin
939 2063 988 2111 id
1046 2063 1446 2111 animadverteri-

82 2129 171 2188 tis,
209 2129 548 2191 reprehendite
583 2130 696 2177 sane
734 2128 880 2190 illos;
913 2129 995 2176 sed
1031 2129 1205 2179 blande
1241 2144 1300 2176 ac
1335 2143 1446 2178 curn

82 2194 213 2242 omni
263 2195 623 2259 significatione
669 2196 884 2251 amoris,
934 2195 980 2241 in
1035 2211 1132 2258 quo
1184 2193 1220 2242 si
1276 2195 1445 2257 parum

80 2258 420 2321 profeceritis,
469 2258 659 2308 deferte
709 2259 954 2322 querelam
1006 2261 1064 2308 ad
1116 2257 1443 2320 Praefectum,

80 2324 248 2392 jusque
284 2325 620 2377 innocentium
654 2323 955 2376 afflictorum
987 2325 1242 2388 modeste,
1275 2340 1333 2375 ac
1352 2322 1448 2407 {an

671 2393 721 2442 X
754 2408 786 2459 4
1316 2407 1382 2442 va
